1780 2820
462 122 534 160 DE
562 119 931 159 MONARCHIA:
970 119 1018 157 ΙΙ.
1047 120 1144 157 CAP.
1173 132 1228 164 10,
1250 133 1304 158 11.

1589 120 1658 167 361

98 234 299 263 decertando
332 234 380 263 sic
418 243 539 263 aurum
573 233 782 270 despiciebat,
810 233 850 260 ut

100 279 229 308 dictum
243 281 301 309 est.

139 324 232 358 Quod
252 324 281 354 si
298 326 416 354 contra
429 324 604 354 veritatem
623 325 789 352 ostensam
810 323 850 352 de

46 369 82 404 85
100 367 293 406 imparitate
319 370 442 399 virium
469 370 622 406 instetur,
645 371 685 397 ut
711 369 848 405 adsolet,

97 425 157 452 per
176 416 350 446 victoriam
369 417 476 445 David
498 417 538 445 de
561 415 657 445 Golia
677 415 851 444 obtentam

98 461 263 491 instantia
276 462 458 491 refellatur.
499 462 544 490 Et
557 461 585 491 si
598 460 740 498 gentiles
757 460 850 489 alind

96 508 256 543 peterent,
286 507 442 536 refellant
463 507 570 543 ipsam
593 515 652 542 per
674 506 849 535 victoriam

95 551 249 581 Herculis
262 552 299 581 in
314 553 491 582 Antaeum.
534 552 682 581 Stultum
697 551 787 580 enim
801 554 851 580 est

39 606 80 635 9ο
94 597 192 627 valde
205 597 291 627 vires
304 606 386 634 quas
399 598 488 627 Deus
501 598 668 627 confortat
677 597 850 627 inferiores

94 643 207 680 pugile
220 643 388 679 suspicari.

135 688 207 717 Iam
233 689 314 718 satis
339 689 556 718 manifestum
582 691 632 718 est
665 690 752 726 quod
790 698 850 725 per

93 733 243 762 duellum
257 734 448 770 adquiritur
461 735 502 764 de
516 735 587 764 iure
601 735 741 771 adquiri.

132 778 202 809 XI.
218 779 282 808 Sed
294 780 462 809 Romanus
475 781 616 816 populus
630 790 689 817 per
700 780 848 809 duellum

94 824 274 861 adquisivit
304 825 500 862 imperium3
532 827 619 862 quod
646 826 711 855 fide
740 827 849 863 dignis

92 869 292 899 testimoniis
303 871 550 907 comprobatur:
564 872 600 900 in
613 872 731 908 quibus
744 873 850 901 mani—

94 917 257 947 festandis
280 927 349 947 non
373 919 480 947 solum
503 919 565 948 hoc
590 921 770 957 apparebit,
792 922 849 950 sed

60 973 78 1002 5
94 962 197 992 etiam
210 963 371 1000 quidquid
390 973 411 992 a
429 964 700 1000 primordialibus
718 966 850 1001 imperii

95 1009 238 1038 Romani
257 1009 511 1039 diiudicandum
530 1012 611 1047 erat,
627 1020 686 1047 per
699 1012 850 1041 duellum

94 1063 163 1083 esse
176 1054 371 1084 discussum.

136 1100 222 1128 Nam
247 1100 287 1129 de
313 1101 429 1138 primo,
456 1111 560 1138 quum
582 1103 622 1131 de
646 1103 721 1132 sede
745 1103 849 1139 patris

95 1144 236 1182 Aeneae,
262 1146 320 1182 qui
341 1147 468 1183 primus
491 1150 586 1184 pater
610 1148 712 1177 huius
735 1150 849 1185 populi

46 1198 80 1218 ιο
95 1190 171 1226 fuit,
199 1193 385 1220 verteretur
412 1192 569 1229 litigium,
598 1193 710 1222 Turno
743 1194 849 1223 Rutu·

94 1236 203 1264 lorum
226 1246 301 1273 rege
329 1239 447 1267 contra
469 1240 590 1275 stante,
616 1239 656 1268 de
679 1241 849 1269 communi

94 1282 268 1311 amborum
295 1292 410 1319 regum
437 1284 589 1320 adsensu,
612 1284 655 1312 ad
679 1285 846 1322 ultimum,

94 1329 230 1363 propter
246 1328 398 1357 divinum
418 1329 663 1364 beneplacitum
679 1329 848 1366 inquiren-

95 1372 185 1408 dum,
201 1372 290 1402 inter
303 1381 337 1402 se
351 1374 458 1402 solum
471 1374 670 1403 dimicatum
684 1378 742 1411 est,
757 1378 796 1403 ut
811 1376 847 1404 in

48 1424 78 1452 15
94 1417 224 1446 ultimis
234 1418 396 1447 Aeneidos
410 1418 553 1449 canitur.
586 1419 627 1447 In
638 1428 704 1455 quo
713 1420 846 1456 quidem

93 1471 198 1499 agone
225 1465 323 1492 tanta
349 1464 483 1493 victoris
511 1465 641 1494 Aeneae
669 1465 847 1496 clementia

94 1508 170 1545 fuit,
193 1510 232 1537 ut
259 1508 325 1537 nisi
345 1509 475 1538 balteus
496 1519 595 1545 quem
620 1511 754 1539 Turnus
774 1512 846 1541 Pal-

94 1553 181 1582 lanti
207 1563 229 1583 a
260 1563 294 1584 se
325 1554 432 1583 occiso
457 1555 648 1584 detraxerat
672 1557 843 1594 patuisset,

96 1599 182 1628 victo
199 1599 305 1629 victor
324 1600 425 1629 simul
447 1601 553 1630 vitam
573 1602 791 1632 condonasset
812 1606 845 1633 et

40 1656 78 1676 πο
93 1653 218 1682 paoem,
234 1647 273 1674 ut
293 1646 415 1675 ultima
435 1646 586 1676 carmina
606 1647 712 1676 nostri
726 1648 845 1678 Poetae

92 1692 269 1721 testantur.

133 1737 306 1773 Quumque
327 1738 392 1767 duo
413 1738 526 1774 populi
547 1747 587 1767 ex
611 1739 682 1775 ipsa
704 1739 846 1768 Troiana

91 1781 202 1811 radice
223 1782 259 1811 in
279 1783 381 1812 Italia
402 1783 652 1821 geminassent,
676 1785 846 1813 Romanus

94 1827 248 1858 videlicet
271 1815 415 1865 populus
442 1831 476 1858 et
496 1829 653 1867 Albanus,
680 1833 780 1866 atque
805 1831 845 1860 de

43 1881 78 1910 25
93 1873 188 1909 signo
207 1874 337 1910 aquilae
357 1875 461 1910 deque
488 1875 663 1910 penatibus
683 1876 748 1905 diis
771 1876 847 1904 Tro-

94 1918 249 1947 ianorum
288 1922 388 1956 atque
428 1920 594 1956 dignitate
633 1921 845 1957 principandi

93 1963 192 2000 longo
205 1966 352 2000 tempore
366 1964 456 1994 inter
469 1974 502 1994 se
517 1965 738 2001 disceptatum
752 1970 847 2004 esset;

93 2009 136 2037 ad
160 2009 326 2045 ultimum,
353 2010 393 2039 de
415 2010 584 2039 communi
607 2012 751 2040 adsensu
774 2021 847 2048 par·

93 2053 190 2090 tium,
205 2056 339 2091 propter
359 2055 557 2084 instantiam
576 2059 845 2094 cognoscendam,

43 2110 80 2138 30
95 2108 154 2134 per
185 2102 253 2129 tres
279 2100 434 2129 Horatios
458 2101 579 2130 fratres
611 2102 700 2139 hino,
730 2105 764 2132 et
789 2112 848 2140 per

95 2144 235 2174 totidem
262 2146 426 2175 Curiatios
450 2146 572 2176 fratres
597 2148 684 2184 inde,
709 2148 745 2177 in
772 2158 848 2178 con-

94 2192 209 2225 speetu
233 2199 348 2227 regum
373 2193 407 2220 et
430 2192 626 2228 populorum
650 2194 848 2224 altrinsecus

98 2236 346 2271 expectantium
360 2237 566 2266 decertatum
579 2240 628 2267 est
641 2249 647 2275 ;
670 2239 727 2268 ubi
741 2239 848 2269 tribus

94 2281 264 2317 pugilibus
277 2281 482 2311 Albanorum
499 2284 664 2320 peremtis,
687 2285 848 2314 Romano·

0 2338 2 2359 5
44 2334 78 2363 35
97 2334 173 2354 rum
185 2326 321 2363 duobus,
336 2327 448 2363 palma
460 2327 617 2357 victoriae
631 2330 691 2358 sub
706 2330 848 2358 Hostilio

96 2379 171 2407 rege
191 2371 289 2400 cessit
310 2372 476 2402 Romanis.
520 2373 564 2402 Et
584 2373 646 2403 hoc
668 2374 848 2411 diligenter

96 2416 208 2446 Livius
218 2416 254 2445 in
263 2416 372 2453 prima
381 2420 474 2453 parte
484 2419 640 2456 contexit,
651 2420 705 2448 cui
715 2420 847 2449 Orosius

95 2462 197 2491 etiam
211 2464 423 2494 contestatur.

135 2507 263 2537 Deinde
282 2517 358 2537 cum
382 2508 542 2546 finitimis,
565 2510 655 2539 omni
676 2511 747 2540 iure
768 2512 846 2541 belli

905 232 1042 266 servato,
1069 239 1145 259 cum
1173 230 1316 267 Sabinis,
1341 239 1418 259 cum
1446 231 1659 268 Samnitibus,
1678 240 1719 267 40

904 275 984 303 licet
1006 275 1043 304 in
1066 275 1284 305 multitudine
1307 276 1575 313 disceptantium,
1600 278 1662 306 sub

904 321 1015 349 forma
1036 323 1151 349 tamen
1179 321 1292 357 duelli,
1316 321 1357 349 de
1385 321 1529 357 Imperio
1554 322 1661 351 decer-

903 367 1014 394 tatum
1027 365 1140 401 fuisse,
1156 365 1269 394 Livius
1287 368 1425 394 narrat:
1449 366 1485 394 in
1507 375 1571 402 quo
1590 367 1660 403 qui-

903 411 980 439 dem
1002 411 1100 438 modo
1127 410 1321 439 decertandi
1343 420 1419 440 cum
1442 411 1656 450 Samnitibus,

902 456 971 485 scre
986 456 1172 484 Fortunam
1185 458 1236 491 (ut
1256 456 1378 491 dicam)
1391 457 1536 492 incoepti
1549 458 1659 493 poeni-
1674 465 1711 492 45

902 502 978 532 tuit.
1021 502 1064 530 Et
1091 501 1154 530 hoc
1183 502 1340 531 Lucanus
1368 503 1403 531 in
1438 504 1582 532 secundo
1616 505 1659 532 ad

902 547 1090 583 exemplum
1105 547 1235 576 reducit
1249 547 1296 576 sic
1309 558 1316 576 ε

928 616 1016 645 ‘Aut
1043 616 1175 645 Collina
1203 616 1284 645 tulit
1308 619 1430 646 stratas
1457 620 1537 653 quot
1564 621 1660 654 porta

1021 664 1179 699 catervas,

942 708 1034 736 Tunc
1050 717 1153 744 quum
1167 717 1271 744 paene
1287 710 1387 744 caput
1400 709 1519 737 mundi
1534 719 1659 738 rerum-

1022 763 1084 790 que
1098 755 1247 789 potestas

942 800 1088 829 Mutavit
1113 799 1280 829 translata
1301 800 1421 838 locum,
1445 801 1656 838 Romanaque
1674 810 1711 836 50

1022 845 1153 875 Samnis

942 892 1040 920 Ultra
1091 891 1257 921 Caudinas
1308 893 1477 929 superavit
1518 893 1659 924 vulnera

1021 938 1151 967 furcas!

942 1011 1122 1047 Postquam
1135 1020 1212 1040 vero
1232 1011 1396 1042 Italorum
1416 1012 1525 1050 litigia
1545 1014 1660 1044 sedata

901 1056 1051 1093 fuerunt,
1066 1059 1100 1085 et
1120 1066 1197 1086 cum
1218 1057 1362 1094 Graecis,
1379 1067 1519 1095 cumque
1541 1059 1660 1089 Poenis

901 1103 1053 1132 nondum
1086 1112 1146 1139 pro
1179 1103 1296 1131 divino
1331 1103 1456 1133 iudicio
1491 1106 1659 1134 certatum

901 1150 995 1185 esset,
1010 1149 1054 1178 ad
1069 1148 1247 1184 imperium
1265 1149 1519 1179 intendentibus
1537 1150 1606 1180 illis
1626 1153 1660 1181 et
1673 1157 1709 1185 55

901 1194 982 1230 istis,
1007 1194 1158 1223 Fabricio
1176 1203 1236 1231 pro
1261 1195 1428 1232 Romanis,
1452 1195 1579 1232 Pyrrho
1599 1205 1660 1233 pro

901 1239 1046 1276 Graecis,
1076 1241 1117 1269 de
1150 1239 1282 1275 imperii
1315 1240 1424 1276 gloria
1450 1241 1488 1270 in
1516 1242 1659 1272 militiae

900 1285 1120 1314 multitudine
1161 1285 1417 1323 decertantibus,
1461 1286 1567 1316 Roma
1605 1288 1660 1316 ob-

899 1330 1013 1360 tinuit.
1057 1330 1210 1366 Scipione
1224 1339 1301 1360 vero
1321 1340 1381 1367 pro
1402 1332 1507 1368 Italis,
1529 1333 1660 1362 Hanni-

899 1376 971 1405 bale
985 1385 1045 1412 pro
1053 1376 1223 1404 Africanis
1237 1375 1273 1404 in
1289 1376 1398 1406 forma
1411 1378 1514 1406 duelli
1528 1378 1653 1407 bellum
1673 1379 1713 1406 60

897 1421 1098 1458 gerentibus,
1135 1421 1232 1450 Italis
1273 1421 1347 1450 Afri
1388 1423 1655 1462 succubuerunt;

896 1467 983 1496 sicut
995 1467 1109 1496 Livius
1120 1468 1154 1496 et
1167 1466 1228 1495 alii
1242 1466 1290 1496 rei
1305 1468 1473 1497 Romanae
1481 1469 1658 1506 scriptores

896 1512 1070 1542 testificari
1085 1514 1260 1542 conantur.

938 1558 1018 1592 Quis
1037 1558 1142 1594 igitur
1162 1558 1243 1587 adeo
1263 1559 1387 1588 mentis
1407 1559 1542 1589 obtusae
1562 1569 1654 1591 nunc

898 1607 956 1641 est,
973 1604 1031 1640 qui
1046 1613 1115 1632 non
1130 1604 1244 1633 videat
1258 1605 1320 1634 sub
1334 1605 1405 1634 iure
1420 1606 1523 1635 duelli
1537 1606 1655 1643 glorio-
1672 1609 1710 1645 ⁶5

897 1659 972 1679 sum
990 1649 1151 1687 populum
1171 1658 1327 1679 coronam
1348 1650 1443 1679 Orbis
1462 1652 1566 1681 totius
1586 1662 1655 1683 esse

897 1696 1090 1724 lucratum?
1150 1695 1235 1724 Vere
1269 1695 1378 1724 dicere
1411 1696 1523 1731 potuit
1555 1697 1656 1726 homo

899 1741 1067 1769 Romanus
1106 1741 1194 1776 quod
1228 1740 1363 1776 quidem
1396 1741 1573 1777 Apostolus
1610 1743 1654 1772 ad

897 1786 1126 1816 Timotheum:
1159 1786 1336 1823 ‘Reposita
1356 1788 1406 1815 est
1426 1787 1511 1816 mihi
1532 1797 1656 1818 corona

899 1831 1080 1861 iustitiae:’
1109 1832 1261 1868 reposita,
1283 1832 1420 1868 scilicet,
1442 1831 1479 1861 in
1500 1833 1562 1862 Dei
1581 1843 1656 1871 pro-
1672 1843 1709 1872 70

898 1876 1047 1906 videntia
1061 1879 1206 1908 aeterna.
1250 1877 1394 1906 Videant
1409 1886 1502 1907 nunc
1512 1879 1655 1910 Iuristae

897 1922 1171 1959 praesumptuosi,
1202 1924 1367 1958 quantum
1393 1923 1485 1952 infra
1509 1924 1581 1954 sint
1613 1926 1657 1955 ab

898 1968 958 1997 illa
971 1968 1104 2004 specula
1118 1967 1267 2004 rationis,
1283 1969 1372 1997 unde
1390 1968 1541 1999 humana
1558 1979 1657 2001 mens

899 2013 981 2042 haec
1021 2012 1187 2050 principia
1220 2013 1419 2051 speculatur,
1454 2016 1488 2044 et
1522 2015 1653 2054 sileant,

899 2059 1084 2087 secundum
1120 2066 1255 2087 sensum
1295 2058 1376 2095 legis
1411 2060 1586 2090 consilium
1621 2064 1654 2092 et
1673 2071 1706 2100 75

899 2103 1062 2132 iudicium
1076 2103 1231 2133 exhibere
1245 2105 1405 2135 contenti.

940 2149 984 2178 Et
997 2149 1065 2178 iam
1084 2149 1300 2178 manifestum
1314 2152 1364 2179 est
1378 2152 1465 2186 quod
1485 2152 1654 2183 Romanus

900 2195 1039 2230 populus
1048 2204 1106 2231 per
1116 2195 1266 2224 duellum
1275 2196 1455 2232 adquisivit
1466 2197 1656 2234 imperiumz

901 2249 977 2276 ergo
992 2242 1032 2270 de
1047 2241 1118 2270 iure
1133 2241 1332 2278 adquisivit;
1356 2243 1443 2278 quod
1465 2245 1514 2272 est
1532 2245 1655 2280 princi-

900 2286 973 2322 pale
987 2286 1193 2323 propositum
1207 2286 1243 2315 in
1257 2286 1342 2316 libro
1355 2289 1532 2323 praesenti.
1672 2294 1711 2320 80

939 2332 1050 2367 Usque
1084 2331 1194 2360 adhuc
1228 2334 1321 2368 patet
1354 2334 1559 2369 propositum
1595 2338 1670 2372 perv

900 2377 1046 2406 rationes
1086 2387 1170 2414 quae
1211 2378 1396 2414 plurimum
1437 2379 1655 2410 rationalibus

899 2423 1071 2459 principiis
1097 2423 1311 2459 innituntur;
1342 2425 1399 2452 sed
1427 2433 1467 2453 ex
1495 2434 1586 2454 nunc
1614 2435 1654 2455 ex

899 2467 1073 2505 principiis
1093 2468 1170 2497 fidei
1191 2468 1399 2498 Christianae
1420 2469 1545 2499 iterum
1564 2473 1654 2507 pate-

899 2512 1090 2542 faciendum
1105 2516 1163 2543 est.
1670 2516 1707 2552 85
