1780 2820
165 113 237 160 348

164 225 308 254 maxime
324 226 514 262 Monarcha‚
531 225 587 261 qui
601 225 756 254 minister
768 225 919 253 omnium

165 271 395 306 proculdubio
415 271 588 300 habendus
608 273 665 300 est.
708 270 797 299 Hinc
817 270 919 299 etiam

165 314 234 344 iam
256 315 461 345 innotescere
482 317 599 352 potest,
626 316 712 351 quod
738 316 919 344 Monarcha

110 371 149 400 90
165 361 385 390 necessitatur
408 370 429 389 a
449 362 514 390 fine
534 361 597 390 sibi
618 361 762 397 praefixo
782 360 818 389 in
840 361 918 397 legi-

164 407 227 436 bus
257 407 427 442 ponendis.
484 408 571 443 Ergo
598 415 702 443 genus
729 407 916 435 humanum

164 453 225 481 sub
240 452 423 481 Monarcha
437 453 590 489 existens,
607 452 730 489 optime
749 461 782 482 se
801 452 916 481 habet:

165 507 205 526 cx
220 506 283 533 quo
297 498 446 533 sequitur
460 498 547 534 quod
561 499 604 526 ad
618 498 701 526 bene
716 507 783 527 esse
798 498 917 526 mundi

166 542 396 571 Monarchiam
411 551 542 571 necesse
557 545 607 572 est
622 551 696 572 esse.

205 587 318 617 XIII.
334 589 427 623 (XV.)
447 588 576 624 Adhuc,
592 588 650 617 ille
659 588 717 624 qui
730 590 840 624 potest
849 597 917 618 esse

164 634 288 670 optime
311 634 487 670 dispositus
511 634 554 662 ad
578 635 770 670 regendum,
793 634 917 670 optime

165 679 249 708 alios
279 679 450 714 disponere
482 681 599 715 potest.
655 680 741 709 Nam
765 680 802 708 in
826 680 918 708 omni

165 724 296 753 actione
302 724 532 760 principaliter
540 724 731 754 intenditur
739 725 780 754 ab
787 727 915 762 agente,

131 778 146 804 5
164 770 232 799 sive
253 770 448 799 necessitate
467 773 618 807 naturae,
638 771 706 800 sive
727 771 917 800 voluntarie

164 817 251 852 agat,
274 816 443 852 propriam
463 816 720 845 similitudinem
742 817 916 853 explicare,

164 862 254 890 unde
275 862 322 899 fit,
339 862 425 898 quod
447 871 544 890 omne
564 870 675 898 agens,
698 862 734 890 in
752 864 917 897 quantum

163 907 363 944 huiusmodi,
377 908 562 937 delectatur
575 918 581 945 ;
603 907 691 944 quia,
703 917 807 943 quum
821 916 918 936 omne

164 953 253 988 quod
267 955 316 981 est
331 955 466 989 appetat
480 961 578 982 suum
594 961 670 989 esse,
687 962 726 981 ac
740 952 775 980 in
791 953 918 988 agendo
943 959 944 965 ¹

115 1003 147 1022 1¹)
163 998 293 1034 agentis
313 1007 380 1027 esse
401 999 643 1034 quodammodo
664 997 852 1034 amplietur,
872 1007 919 1026 se-

164 1045 280 1080 quitur
313 1045 353 1073 de
386 1044 582 1073 necessitate
617 1044 800 1080 delectatio,
841 1044 919 1080 quia
943 1043 944 1047 ’

164 1090 341 1119 delectatio
354 1090 403 1118 rei
422 1090 626 1119 desideratae
643 1098 771 1126 semper
788 1090 919 1118 adnexa

163 1137 222 1165 est.
265 1135 359 1164 Nihil
373 1135 477 1171 igitur
495 1135 574 1172 agit,
591 1135 657 1163 nisi
675 1135 742 1164 tale
764 1135 917 1172 existens,

164 1181 262 1217 quale
282 1181 414 1217 patiens
434 1181 506 1210 fieri
526 1182 644 1217 debet;
675 1183 811 1217 propter
830 1182 918 1217 quod

117 1233 147 1260 ¹5
166 1226 391 1263 Philosophus,
418 1227 454 1255 in
483 1227 524 1256 iis
548 1236 633 1263 quac
659 1227 698 1255 de
723 1227 919 1262 simpliciter

164 1271 267 1300 Ente:
298 1272 442 1308 ‘Omne,’
464 1272 584 1308 inquit,
613 1272 721 1307 ‘quod
745 1271 918 1300 reducitur

164 1317 205 1345 de
218 1317 368 1352 potentia
388 1317 424 1345 in
445 1318 568 1353 actum,
584 1316 757 1345 reducitur
774 1326 833 1353 per
850 1317 918 1346 tale

163 1362 308 1391 existens
327 1362 363 1390 in
385 1365 463 1391 actu
476 1363 496 1399 ς’
518 1363 605 1398 quod
627 1362 653 1391 si
675 1362 773 1391 aliter
793 1362 919 1398 aliquid

163 1416 260 1444 agere
275 1410 422 1444 conetur,
439 1408 566 1436 frustra
583 1410 731 1437 conatur.
774 1408 818 1436 Et
838 1407 917 1436 hinc

111 1464 148 1483 20
165 1453 292 1482 destrui
322 1455 432 1490 potest
460 1462 552 1482 error
578 1453 714 1481 illorum
742 1452 799 1488 qui
833 1453 918 1481 bona

162 1498 327 1534 loquendo
339 1500 372 1527 et
383 1499 473 1527 mala
486 1499 653 1534 operando
672 1499 816 1527 credunt
836 1499 918 1527 alios

163 1544 235 1572 vita
259 1546 292 1572 et
314 1544 460 1572 moribus
485 1543 685 1580 informare5
714 1553 782 1572 non
804 1544 918 1572 adver-

162 1591 273 1619 tentes
306 1590 394 1625 quod
427 1590 504 1625 plus
530 1591 769 1625 persuaserunt
798 1598 918 1618 manus

163 1636 271 1672 Iacob,
288 1645 388 1671 quam
402 1636 511 1672 verba,
527 1635 606 1663 licet
620 1635 698 1663 illae
713 1634 845 1671 salsum,
858 1635 919 1663 illa

114 1688 148 1715 25
163 1690 279 1710 verum
292 1681 541 1717 persuaderent.
583 1681 680 1709 Unde
699 1680 918 1716 Philosophus

163 1727 207 1756 ad
227 1727 484 1756 Nicomachum:
514 1727 521 1741 ‘
533 1727 582 1755 De
602 1726 643 1755 iis
663 1726 775 1763 enim,'
795 1726 916 1763 inquit,

166 1773 267 1809 ‘quae
291 1773 328 1801 in
349 1772 558 1809 passionibus
579 1773 613 1801 et
636 1772 831 1809 actionibus,
853 1781 918 1801 ser-

162 1827 276 1847 mones
300 1819 413 1846 minus
440 1819 520 1847 sunt
547 1818 718 1846 credibiles
745 1818 920 1854 operibus.'

163 1864 252 1893 Hinc
273 1864 375 1892 etiam
396 1864 568 1892 dicebatur
587 1864 627 1891 de
647 1864 736 1892 coelo
754 1863 919 1899 peccatori

111 1920 148 1946 30
163 1910 288 1938 David:
304 1910 427 1943 ‘Quare
441 1911 479 1938 tu
493 1918 629 1937 enarras
639 1909 784 1937 iustitias
795 1909 918 1937 meas?'

163 1955 257 1991 quasi
271 1956 412 1984 diceret:
433 1955 569 1983 Frustra
587 1954 740 1991 loqueris,
761 1964 865 1990 quum
879 1956 918 1982 tu

162 2001 207 2030 sis
221 2001 308 2029 alius
322 2001 364 2029 ab
378 2010 415 2029 eo
435 2000 523 2036 quod
541 2000 691 2036 loqueris.
736 2000 786 2028 Ex
800 2000 918 2035 quibus

163 2047 332 2083 colligitur
359 2047 446 2082 quod
473 2046 596 2082 optime
629 2045 827 2081 dispositum
850 2054 918 2074 esso

162 2094 291 2128 oportet
305 2092 428 2128 optime
444 2092 525 2120 alios
542 2092 714 2127 disponere
729 2091 904 2120 volentem.

111 2149 145 2175 35
201 2138 266 2166 Sed
281 2138 466 2166 Monarcha
484 2137 573 2166 solus
593 2139 642 2165 est
655 2136 722 2172 ille,
740 2136 797 2172 qui
810 2138 918 2172 potest

161 2183 285 2218 optime
296 2191 364 2211 esse
374 2182 551 2218 dispositus
559 2182 603 2210 ad
611 2182 802 2217 regendum.
825 2182 918 2215 Quod

162 2229 210 2258 sic
221 2229 425 2257 declaratur:
441 2228 664 2263 Unaquaeque
675 2235 727 2255 res
740 2236 777 2255 eo
787 2227 918 2256 facilius

163 2277 196 2304 et
222 2274 400 2311 perfectius
428 2275 471 2302 ad
497 2273 651 2302 habitum
679 2275 711 2302 et
738 2273 781 2301 ad
808 2281 919 2308 opera-

162 2320 289 2348 tionem
314 2319 508 2355 disponitur,
535 2327 599 2354 quo
620 2319 732 2346 minus
753 2318 789 2346 in
811 2327 849 2347 ea
869 2320 918 2347 est

108 2372 148 2399 40
164 2366 204 2394 de
218 2365 453 2393 contrarietate
471 2364 514 2392 ad
533 2364 636 2392 talem
651 2363 919 2399 dispositionem:

160 2410 253 2439 undo
281 2409 413 2438 facilius
442 2411 474 2438 et
502 2408 683 2445 perfectius
706 2408 848 2437 veniunt
875 2409 918 2437 ad

162 2455 316 2484 habitum
329 2454 575 2491 philosophicae
586 2454 746 2490 veritatis,
763 2453 820 2490 qui
830 2454 918 2482 nihil

162 2510 312 2536 unquam
336 2500 548 2536 audiverunt,
576 2508 676 2535 quam
704 2500 762 2536 qui
786 2500 918 2528 audive-
942 2527 945 2545 Ι

555 113 626 150 DE
655 111 1022 150 MONARCHIA:
1060 111 1090 151 1.
1118 112 1212 150 CAP.
1233 125 1358 161 12—14.

972 228 1054 255 runt
1078 235 1136 262 per
1156 228 1315 262 tempora,
1341 228 1374 255 et
1398 226 1491 255 falsis
1515 226 1723 262 opinionibus

971 270 1092 299 imbuti
1107 273 1195 301 sunt.
1224 271 1363 307 Propter
1377 271 1463 307 quod
1480 271 1562 300 bene
1577 271 1724 300 Galenus
1739 277 1779 306 45

970 316 1098 352 inquit:
1123 317 1231 345 ‘Tales
1253 316 1378 352 duplici
1406 318 1552 352 tempore
1576 315 1724 352 indigere

970 362 1012 390 ad
1030 361 1206 391 scientiam
1223 362 1480 397 acquiren‹lam.'
1522 362 1630 395 Quum
1648 370 1725 398 ergo

971 407 1154 436 Monarcha
1167 407 1297 435 nullam
1311 406 1504 442 cupiditatis
1522 406 1725 435 occasionem

969 453 1090 483 habere
1104 454 1214 490 possit,
1233 453 1285 482 vel
1306 454 1424 482 saltem
1443 452 1617 482 minimam
1636 453 1726 482 inter

969 499 1135 536 mortales,
1151 502 1190 528 ut
1205 499 1355 535 superius
1376 501 1424 527 est
1444 501 1620 535 ostensum,
1637 499 1723 535 quod
1738 503 1776 531 so

970 545 1108 574 caeteris
1142 545 1348 580 principibus
1382 553 1449 572 non
1483 544 1658 580 contingit,
1690 546 1725 574 et

970 590 1135 626 cupiditas
1155 590 1228 626 ipsa
1245 590 1315 619 sola
1332 590 1375 619 sit
1395 589 1586 625 corruptiva
1599 589 1722 627 iudicii,

970 637 1003 664 et
1015 635 1165 664 iustitiae
1178 636 1420 672 praepeditiva3
1443 644 1644 671 consequens
1664 637 1723 672 est,

970 682 1057 717 quod
1078 681 1147 718 ipse
1162 682 1215 710 vel
1235 682 1380 718 omnino,
1403 682 1456 710 vel
1477 681 1620 710 maxime
1642 682 1724 710 bene

970 726 1150 762 dispositus
1165 727 1207 756 ad
1222 728 1405 764 regendum
1425 735 1493 756 esse
1513 728 1631 762 potest,
1647 726 1726 762 qnia
1740 732 1780 765 ss,

969 772 1060 801 inter
1084 775 1229 802 caeteros
1251 773 1411 801 iudicium
1432 774 1465 801 et
1486 772 1650 801 iustitiam
1670 781 1726 808 po-

970 818 1098 846 tissime
1124 818 1247 846 habere
1275 819 1392 854 potest.
1435 818 1524 851 Quae
1547 818 1612 846 duo
1635 817 1726 853 prin—

943 878 945 883 =
970 862 1168 898 cipalissime
1189 862 1373 898 legislatori
1395 866 1428 892 et
1451 863 1533 898 legis
1557 862 1725 892 executori

970 908 1186 944 conveniunt,
1216 910 1361 937 testante
1389 909 1478 944 Rege
1501 908 1560 936 illo
1588 908 1725 938 sanctis*-

970 953 1062 990 simo,
1092 963 1196 990 quum
1223 954 1460 983 convenientia
1490 954 1559 991 regi
1587 956 1621 984 et
1655 954 1724 983 filio
1740 955 1780 984 60

970 999 1056 1036 regis
1069 999 1261 1035 postulabat
1275 1008 1296 1027 a
1310 999 1394 1028 Deo:
1417 999 1542 1036 ‘Deus,’
1553 999 1726 1036 inquiebat

973 1044 1153 1073 ‘iudicium
1179 1046 1278 1073 tuum
1312 1044 1382 1081 regi
1413 1045 1464 1081 da,
1493 1047 1526 1074 et
1560 1045 1725 1074 iustitiam

971 1093 1064 1119 tuam
1078 1091 1147 1119 filio
1160 1090 1265 1127 regis)

1010 1137 1100 1166 Beue
1120 1137 1224 1173 igitur
1245 1136 1373 1165 dictum
1394 1140 1453 1174 est,
1475 1147 1580 1174 quum
1601 1137 1726 1166 dicitur

970 1183 1006 1211 in
1021 1183 1268 1220 subadsumpta,
1281 1184 1368 1219 quod
1381 1183 1564 1212 Monarcha
1574 1184 1662 1212 solus
1675 1186 1726 1212 est
1741 1182 1780 1219 65

969 1228 1036 1264 ine,
1052 1229 1109 1265 qui
1129 1230 1237 1265 potest
1255 1237 1324 1258 esse
1345 1229 1471 1265 optime
1489 1229 1666 1265 dispositus
1681 1229 1726 1258 ad

970 1275 1161 1311 regendum.
1205 1275 1292 1311 Ergo
1306 1275 1488 1304 Monareha
1501 1275 1589 1304 solus
1601 1275 1725 1311 optim0

970 1321 1052 1350 alios
1066 1321 1240 1357 disponere
1259 1322 1375 1356 potest.
1418 1321 1469 1349 Ex
1483 1330 1547 1356 quo
1564 1320 1724 1358 sequitur,
1778 1323 1780 1326 ’

970 1367 1058 1402 quod
1081 1366 1124 1394 ad
1148 1366 1310 1402 optimam
1332 1365 1453 1394 mundi
1476 1365 1725 1402 dispositionem

971 1411 1166 1440 Monarchia
1179 1412 1223 1440 sit
1236 1412 1429 1441 necessaria.
1742 1407 1780 1450 70]

1010 1457 1114 1487 XIV.
1129 1457 1243 1493 (XVI.)
1263 1458 1308 1486 Et
1329 1458 1417 1493 quod
1441 1459 1548 1493 potest
1568 1458 1641 1487 fieri
1667 1467 1726 1494 per

970 1513 1087 1541 unum,
1099 1503 1218 1532 melius
1228 1506 1277 1532 est
1287 1513 1346 1539 per
1355 1513 1462 1532 unum
1472 1503 1545 1532 fieri
1556 1513 1656 1540 quam
1667 1514 1726 1541 per

969 1550 1076 1585 plura.
1102 1549 1193 1583 Quod
1203 1548 1250 1578 sic
1260 1548 1465 1578 declaratur:
1478 1549 1529 1577 Sit
1539 1559 1656 1586 unum,
1666 1559 1726 1586 per

970 1595 1059 1631 quod
1073 1594 1202 1630 aliquid
1213 1594 1286 1623 fieri
1299 1596 1417 1630 potest,
1433 1595 1471 1631 A,
1485 1597 1518 1623 et
1532 1595 1600 1623 sint
1613 1596 1722 1632 plura,

969 1649 1029 1676 per
1039 1649 1122 1676 quae
1131 1639 1286 1668 similiter
1295 1639 1379 1667 illud
1391 1639 1463 1667 fieri
1474 1641 1590 1676 potest,
1602 1641 1630 1668 A
1640 1642 1674 1669 et
1685 1641 1720 1670 B.
1737 1649 1756 1676 5

970 1685 1006 1714 Si
1026 1694 1102 1721 ergo
1122 1684 1207 1713 illud
1227 1684 1316 1713 idem
1336 1685 1425 1720 quod
1445 1685 1484 1713 fit
1504 1694 1563 1720 per
1582 1686 1611 1713 A
1632 1688 1666 1714 et
1685 1686 1723 1721 Β,

969 1732 1078 1766 potest
1102 1729 1178 1758 fieri
1202 1739 1263 1765 per
1287 1730 1317 1758 A
1343 1731 1489 1766 tantum,
1517 1730 1646 1759 frustra
1677 1730 1725 1759 ibi

969 1775 1160 1804 adsumitur
1170 1776 1212 1812 133
1228 1775 1307 1810 quia
1321 1784 1361 1803 ex
1375 1774 1477 1810 ipsius
1491 1776 1725 1811 adsumptione
1775 1774 1780 1814 ’-

970 1821 1059 1849 nihil
1084 1820 1244 1856 sequitur,
1273 1829 1376 1856 quum
1402 1820 1495 1855 prius
1521 1820 1605 1849 illud
1637 1821 1725 1850 idem
1775 1843 1780 1858 ,

970 1865 1072 1894 fiebat
1084 1874 1144 1902 per
1157 1865 1187 1894 A
1199 1866 1314 1894 solum.
1352 1865 1396 1893 Et
1410 1874 1514 1901 quum
1527 1866 1635 1894 omnis
1647 1866 1726 1894 talis
1745 1868 1780 1903 iq

969 1910 1160 1947 adsumptio
1187 1910 1232 1939 sit
1257 1910 1362 1938 otiosa
1386 1910 1454 1939 sive
1486 1911 1662 1947 superflua,
1691 1912 1725 1940 et
1776 1905 1780 1938 Ξ

970 1965 1069 1985 omne
1095 1955 1300 1992 superfluum
1327 1956 1396 1984 Deo
1423 1957 1457 1984 et
1488 1956 1635 1985 Naturae
1662 1957 1726 1985 dis-
1773 1974 1780 2000 Ι

970 2001 1102 2038 pliceat,
1129 2003 1162 2029 et
1185 2010 1283 2029 omne
1306 2002 1394 2037 quod
1421 2002 1489 2030 Deo
1516 2004 1550 2030 et
1578 2002 1724 2031 Naturae
1772 2004 1780 2015 “

971 2047 1126 2083 displicet
1145 2047 1191 2075 sit
1210 2047 1346 2083 malum,
1368 2050 1408 2075 ut
1433 2047 1651 2076 manifestum
1675 2050 1726 2076 est
1778 2048 1780 2079 ζ

971 2092 1011 2121 de
1036 2101 1087 2128 se;
1117 2091 1275 2127 sequitur,
1298 2101 1366 2119 non
1387 2092 1494 2120 solum
1514 2092 1634 2121 melius
1656 2101 1724 2122 esse
1743 2094 1780 2131 ις’

970 2137 1043 2166 fieri
1062 2146 1121 2173 per
1133 2146 1251 2173 unum,
1267 2137 1295 2165 si
1314 2137 1388 2166 fieri
1406 2139 1522 2174 potest,
1538 2146 1637 2173 quam
1651 2138 1724 2167 fieri
1772 2129 1780 2170 ⁴:

970 2191 1029 2218 per
1051 2183 1157 2218 plura,
1182 2183 1239 2210 sed
1263 2183 1350 2218 quod
1373 2183 1447 2211 fieri
1468 2192 1526 2218 per
1547 2192 1655 2212 unum
1675 2185 1724 2212 est
1775 2190 1780 2204 =

970 2229 1103 2264 bonum,
1139 2237 1199 2264 per
1231 2228 1329 2263 plura
1362 2228 1558 2264 simpliciter
1584 2229 1720 2258 malum.

971 2273 1146 2302 Praeterea
1159 2282 1211 2302 res
1225 2273 1349 2301 dicitur
1362 2282 1430 2302 esse
1443 2274 1568 2311 melior,
1583 2283 1643 2310 per
1655 2283 1724 2303 esse
1776 2268 1780 2278 '

970 2318 1186 2354 propinquior
1191 2318 1325 2354 optimo,
1333 2320 1366 2346 et
1373 2318 1449 2347 finis
1454 2319 1555 2347 habet
1561 2320 1724 2348 rationem
1741 2315 1780 2351 αἱ

970 2364 1102 2399 optimi;
1118 2364 1174 2392 sed
1184 2363 1256 2392 fieri
1267 2373 1325 2399 per
1333 2373 1440 2392 unum
1449 2366 1498 2393 est
1506 2365 1724 2401 propinquius
1773 2354 1780 2392 f

971 2409 1041 2445 fini,
1058 2419 1134 2445 crgo
1149 2411 1198 2438 est
1212 2409 1339 2438 melius.
1375 2410 1420 2438 Et
1433 2410 1521 2446 quod
1535 2410 1578 2438 sit
1591 2410 1723 2446 propin·
1770 2403 1780 2439 3.

971 2454 1076 2490 quius,
1088 2455 1181 2489 patet
1195 2453 1257 2482 sic:
1272 2453 1322 2482 Sit
1333 2453 1410 2482 finis
1422 2455 1454 2490 G,
1467 2454 1539 2483 fieri
1549 2463 1608 2489 per
1617 2464 1722 2483 unum
1776 2454 1780 2483 ”.

972 2500 1008 2535 Α,
1031 2508 1089 2534 per
1113 2498 1212 2534 plura
1236 2499 1265 2527 A
1289 2501 1322 2527 et
1348 2500 1384 2529 B.
1434 2500 1649 2529 Manifestum
1673 2502 1723 2530 est
1772 2495 1780 2548 εξ
