1780 2820
181 142 253 179 374

184 241 283 271 iuxta
315 241 402 271 illud
436 241 597 271 Levitici:
648 241 786 271 ‘Omnis
817 242 940 271 oblatio

184 296 286 323 quam
319 288 516 318 conferetis.
534 287 678 317 Domino
720 288 843 324 absque
877 288 940 318 fer-

181 335 296 362 mento
317 334 401 364 erit.'
442 334 536 368 Quod
558 334 693 371 quidem
714 336 938 370 praeceptum,

181 379 262 408 licet
272 380 314 408 ad
324 379 501 409 offerentes
512 379 632 409 faeiem
642 378 766 409 habere
775 379 941 416 videatur;

128 436 162 463 70
181 424 409 455 nihilominus
429 426 479 454 est
499 433 558 461 per
579 433 783 462 consequens
803 426 846 455 ad
859 425 940 455 reci-

180 470 318 507 pientes.
330 505 332 507 Ι
350 470 503 500 Stultum
514 471 605 500 enim
618 473 669 501 est
683 472 817 501 credere
831 472 939 501 Deum

177 516 265 545 velle
274 516 376 552 recipi
395 517 483 554 quod
493 517 647 553 prohibet
656 517 805 547 exhiberi
814 527 820 554 ;
835 526 939 553 quum

180 561 285 590 etiam
319 561 357 590 in
392 563 507 591 eodem
539 562 766 599 praecipiatur
792 562 938 592 Levitis:

181 607 187 622 ‘
201 607 314 636 Nolite
329 608 560 637 contaminare
579 607 711 637 animas
724 609 860 645 vestras,
876 617 938 638 nec

127 659 160 687 75
179 653 332 689 tangatis
355 653 540 689 quidquam
560 662 682 690 eorum,
706 662 749 682 ne
770 653 938 682 immundi

177 698 272 728 sitis)
334 699 400 728 Sed
434 698 544 728 dicere
586 699 674 735 quod
709 699 858 728 Ecclesia.
890 698 938 728 sic

176 745 339 773 abutatur
364 744 566 780 patrimonio
592 744 655 773 sibi
690 745 858 782 deputato,
887 747 937 774 est

175 790 273 819 valde
300 790 560 820 inconveniens:
603 799 680 827 ergo
707 790 831 820 falsum
864 793 937 820 erat

174 835 270 871 illud,
287 844 326 864 ex
341 845 407 871 quo
421 836 630 872 sequebatur.

214 881 320 910 XIV.
334 882 456 917 (XIII.)
476 881 638 918 Amplius,
654 881 682 910 si
702 881 850 911 Ecclesia
871 881 936 910 vir-

175 927 285 955 tutem
312 926 449 955 haberet
478 927 707 956 auctorizandi
742 928 935 956 Romanum

175 971 376 1008 Principem,
393 974 452 1001 aut
473 972 613 1002 haberet
633 982 654 1002 a
673 973 751 1009 Deo,
766 974 828 1002 aut
848 982 869 1002 a
889 982 933 1010 se,

174 1018 236 1046 aut
250 1017 292 1046 ab
307 1018 513 1053 Imperatore
523 1017 645 1054 aliquo,
656 1019 715 1047 aut
725 1019 767 1046 ab
778 1017 934 1047 universo

138 1070 156 1098 5
175 1062 369 1091 mortalium
395 1063 549 1099 adsensu,
575 1063 628 1092 vel
655 1063 774 1092 saltem
799 1072 839 1092 ex
866 1063 935 1092 illis

175 1108 452 1145 praevalentium.
507 1108 609 1137 Nulla
637 1110 687 1138 est
713 1108 783 1138 alia
809 1109 935 1138 rimula

174 1163 235 1190 per
270 1163 370 1190 quam
405 1153 512 1183 virtus
552 1154 634 1183 haec
668 1155 712 1183 ad
747 1154 933 1183 Ecclesiam

175 1209 312 1229 manare
336 1199 505 1236 potuisset.
549 1200 612 1228 Sed
637 1209 658 1228 a
677 1200 773 1228 nullo
792 1199 933 1228 istorum

174 1245 297 1275 habet:
332 1254 408 1282 ergo
435 1244 598 1274 virtutem
626 1245 834 1281 praedictam
864 1254 932 1274 non

123 1299 156 1317 10
172 1292 282 1321 habet.

214 1339 307 1373 Quod
332 1340 446 1367 autem
470 1347 490 1367 a
517 1338 611 1367 nullo
633 1338 775 1367 istorum
797 1338 930 1375 habeat,

171 1384 219 1413 sic
247 1386 393 1420 apparet.
437 1384 524 1413 Nam
546 1383 575 1412 si
603 1393 624 1413 a
647 1384 716 1412 Deo
742 1383 929 1420 recepisset,

173 1430 236 1459 hoc
258 1429 376 1459 fuisset
396 1431 456 1458 aut
480 1438 540 1465 per
563 1429 670 1466 legem
693 1428 845 1457 divinam
871 1431 932 1458 aut

170 1484 230 1511 per
249 1476 440 1504 naturalem
454 1484 460 1511 ;
483 1474 562 1511 quia
576 1475 662 1510 quod
677 1483 698 1502 a
712 1475 837 1503 natura
850 1474 931 1503 reci-

122 1528 152 1555 15
169 1520 273 1557 pitur,
295 1529 316 1549 a
339 1521 407 1549 Deo
431 1519 600 1556 recipitur,
625 1528 694 1548 non
718 1521 833 1548 tamen
855 1528 931 1548 con—

170 1566 322 1595 vertitur.
366 1566 431 1595 Sed
445 1574 514 1594 non
534 1574 594 1601 per
613 1564 821 1601 naturalem
851 1565 931 1601 quia

171 1614 296 1641 natura
329 1621 397 1640 non
435 1610 580 1647 imponit
613 1611 730 1647 legem,
759 1610 828 1639 nisi
861 1610 931 1640 suis

171 1657 363 1687 effectibus:
395 1666 499 1693 quum
522 1657 612 1685 Deus
632 1655 837 1685 insufficiens
860 1665 930 1686 esse

170 1712 239 1731 non
259 1703 371 1739 possit,
397 1701 455 1731 ubi
480 1701 552 1731 sine
574 1701 729 1730 secundis
752 1701 930 1738 agentibus

117 1760 152 1778 20
170 1749 299 1785 aliquid
321 1748 359 1776 in
386 1756 456 1777 esse
483 1746 647 1783 producit.
700 1746 798 1775 Unde
825 1756 930 1784 quum

171 1794 321 1823 Ecclesia
354 1803 423 1822 non
450 1794 495 1822 sit
527 1792 664 1822 effeetus
691 1794 843 1829 naturae,
872 1794 929 1822 sed

170 1839 241 1876 Dei,
258 1839 400 1868 dicentis
415 1850 421 1868 :
443 1839 569 1874 ‘Super
587 1838 677 1867 hanc
696 1839 829 1874 petram
842 1839 930 1868 aedi-

169 1885 275 1914 ficabo
295 1885 478 1914 Ecclesiam
498 1883 628 1919 meam,’
642 1885 676 1912 et
696 1883 799 1913 alibi:
821 1884 930 1920 ‘Opus

170 1930 409 1967 consummavi,
438 1930 525 1966 quod
552 1928 675 1958 dedisti
702 1928 787 1958 mihi
816 1931 857 1958 ut
882 1930 930 1958 fa-

118 1986 151 2013 ²5
169 1976 296 2013 ciam3’
323 1975 541 2004 manifestum
563 1976 613 2003 est
634 1975 722 2011 quod
753 1974 783 2004 ei
805 1977 930 2004 natura

168 2021 277 2058 legem
291 2030 359 2049 non
375 2020 476 2057 dedit.

209 2068 274 2096 Sed
296 2075 358 2096 nec
378 2075 438 2102 per
459 2065 629 2102 divinam;
658 2064 769 2095 omnis
783 2074 936 2102 namque,

169 2112 285 2141 divina
302 2112 356 2141 lex
381 2112 525 2140 duorum
546 2111 837 2140 Testamentorum
857 2120 928 2147 gre-

169 2157 237 2186 mio
256 2157 469 2187 continetur:
498 2156 535 2185 in
554 2166 620 2193 quo
643 2156 778 2192 quidem
802 2156 928 2193 gremio

116 2212 151 2238 30
171 2203 317 2239 reperire
338 2211 406 2231 non
427 2211 560 2239 possum
584 2202 820 2238 temporalium
840 2202 928 2231 solli-

169 2248 357 2278 citudinem
377 2248 446 2278 sive
467 2257 583 2277 curam
603 2247 797 2284 sacerdotio,
818 2247 927 2284 primo

167 2294 221 2324 vel
273 2294 460 2331 novissimo,
503 2294 772 2323 commendatam
812 2293 923 2324 fuisse.

171 2339 328 2374 Quinimo
355 2339 491 2368 invenio
518 2339 706 2368 sacerdotes
733 2338 859 2374 primos
883 2339 925 2367 ab

165 2385 228 2414 illa
241 2386 281 2415 de
294 2386 470 2421 praecepto
482 2386 632 2420 remotos,
647 2385 686 2412 ut
700 2385 794 2419 patet
814 2392 874 2420 per
887 2393 926 2413 ea

114 2440 148 2468 35
169 2439 255 2467 quae
289 2431 379 2460 Deus
413 2431 456 2460 ad
490 2430 643 2466 Moysen;
680 2430 713 2458 et
739 2430 925 2459 sacerdotes

168 2476 372 2513 novissimos,
394 2484 454 2512 per
476 2485 515 2505 ea
534 2484 618 2512 quae
639 2475 792 2504 Christus
812 2475 855 2503 ad
877 2474 924 2503 di-

167 2521 317 2558 scipulos.
361 2521 468 2556 Quam
493 2521 629 2557 quidem
651 2520 693 2550 ab
714 2519 761 2550 eis
782 2528 850 2550 esse
874 2529 923 2549 re-

543 130 614 167 DE
643 129 1007 168 MONARCHIA:
1046 130 1116 168 111.
1143 132 1236 170 CAP.
1266 144 1393 182 13-15.

994 245 1119 272 motam
1141 244 1296 280 possibile
1320 253 1388 275 non
1410 247 1505 283 esset,
1527 246 1555 276 si
1578 247 1749 284 regiminis

993 290 1188 325 temporalis
1207 290 1390 320 auctoritas
1404 301 1425 321 a
1438 293 1620 322 sacerdotio
1638 294 1749 324 dema-

993 337 1110 372 naret;
1152 344 1257 372 quum
1291 337 1409 366 saltem
1442 337 1478 366 in
1513 338 1747 369 auctorimndo
1763 348 1780 377 4

991 380 1182 410 sollicitudo
1202 381 1398 417 provisionis
1413 382 1563 419 instaret,
1579 386 1613 412 et
1627 383 1747 414 deinde

992 427 1125 455 cautela
1144 427 1314 464 continua,
1335 436 1378 456 ne
1399 428 1621 459 auctorizatus
1641 439 1662 459 a
1682 431 1748 460 tra-

993 471 1075 501 mite
1089 472 1304 502 rectitudinis
1318 473 1475 503 deviaret.

1033 517 1126 550 Quod
1160 519 1274 546 autem
1301 527 1323 547 a
1349 527 1383 548 se
1410 527 1479 547 non
1507 519 1677 556 receperit,
1706 521 1747 550 de

992 562 1085 591 facili
1104 565 1206 599 patet.
1253 563 1349 592 Nihil
1369 566 1420 593 est
1434 565 1520 600 quod
1535 565 1614 594 dare
1634 565 1746 604 possit,
1763 578 1780 607 4

991 609 1080 644 quod
1114 617 1183 638 non
1218 608 1328 639 habet.
1384 609 1481 639 Unde
1514 619 1611 639 omne
1645 619 1748 648 agens

992 654 1121 690 aliquid
1155 657 1233 684 actu
1267 663 1336 684 esse
1369 655 1438 685 tale
1478 658 1608 692 oportet
1650 657 1747 694 quale

990 708 1088 736 agere
1107 699 1280 729 intendit:
1309 701 1350 729 ut
1372 700 1515 730 habetur
1533 701 1570 730 in
1591 701 1640 738 iis,
1662 710 1747 738 quae

990 745 1030 774 de
1055 745 1252 781 simpliciter
1274 745 1371 775 Ente.
1423 745 1487 775 Sed
1507 748 1638 776 constat
1658 747 1745 783 quod

988 790 1017 820 si
1030 791 1178 820 Ecclesia
1190 791 1254 820 sibi
1273 791 1365 821 dedit
1382 791 1478 821 illam
1491 791 1661 829 virtutem,
1676 801 1745 822 non
1760 801 1780 830 5

988 835 1130 865 habebat
1157 836 1251 865 illam
1278 836 1471 873 priusquam
1495 837 1612 866 daret:
1641 839 1676 867 ct
1697 837 1745 868 sic

988 882 1130 912 dedisset
1150 883 1213 912 sibi
1226 884 1315 920 quod
1334 891 1403 912 non
1423 883 1576 921 habebat,
1592 884 1679 920 qnod
1693 886 1744 914 est

988 927 1198 964 impossibile.

1028 973 1122 1007 Quod
1145 983 1222 1003 vero
1245 974 1287 1003 ab
1311 974 1423 1010 aliquo
1447 974 1650 1010 Imperatore
1674 983 1742 1005 non

987 1019 1158 1056 receperit,
1174 1028 1234 1055 per
1246 1029 1286 1049 ea
1298 1029 1383 1056 quae
1397 1020 1548 1056 superius
1566 1020 1744 1051 manifesta
1758 1032 1780 1061 52

987 1066 1077 1101 sunt,
1093 1067 1186 1101 patet
1200 1065 1412 1095 sufficienter.

1027 1110 1071 1139 Et
1085 1111 1172 1146 quod
1186 1110 1289 1140 etiam
1302 1111 1344 1139 ab
1363 1111 1507 1140 adsensu
1526 1110 1676 1140 omnium
1690 1112 1743 1141 vel

986 1156 1250 1191 praevalentium
1258 1164 1326 1185 non
1335 1155 1499 1193 habuerit,
1508 1156 1582 1192 quis
1590 1157 1742 1186 dubitat?

986 1210 1090 1237 quum
1101 1210 1169 1230 non
1180 1202 1278 1230 modo
1286 1201 1404 1230 Asiani
1412 1202 1446 1230 et
1455 1201 1607 1230 Africani
1617 1211 1740 1239 omnes,

986 1247 1068 1283 quin
1075 1247 1177 1276 etiam
1186 1247 1292 1276 maior
1299 1256 1377 1283 pars
1384 1248 1551 1283 Europam
1561 1247 1742 1278 colentium
1758 1254 1780 1283 6

986 1293 1048 1321 hoc
1062 1293 1239 1322 abhorreat
1248 1293 1262 1321 ?
1289 1292 1476 1322 Fastidium
1491 1292 1616 1322 etenim
1630 1295 1689 1331 est,
1703 1293 1741 1324 in

985 1338 1083 1367 rebus
1105 1338 1389 1367 manifestissimis
1410 1338 1620 1374 probationes
1639 1339 1742 1370 addu-
1770 1357 1775 1362 ·

985 1392 1065 1413 cere.
1773 1404 1777 1407 -

1024 1429 1107 1459 XV.
1120 1429 1234 1465 (XIV.)
1257 1429 1354 1466 Item,
1371 1429 1456 1457 illud
1467 1430 1553 1465 quod
1565 1432 1614 1459 est
1625 1432 1742 1460 contra

986 1476 1146 1503 naturam
1180 1474 1324 1504 alicuius
1358 1484 1426 1503 non
1453 1477 1503 1503 est
1530 1476 1570 1504 de
1601 1485 1741 1505 numero

985 1530 1123 1550 suarum
1137 1521 1305 1550 virtutum
1318 1531 1324 1557 3
1347 1531 1450 1557 quum
1465 1521 1607 1551 virtutes
1626 1522 1740 1552 unius-

983 1566 1142 1602 cuiusque
1162 1566 1211 1595 rei
1225 1569 1472 1603 consequantur
1485 1568 1643 1596 naturam
1660 1567 1739 1604 eius,

983 1613 1119 1647 propter
1154 1612 1233 1641 finis
1269 1612 1488 1648 adeptionem.
1532 1613 1596 1641 Sed
1633 1612 1741 1643 virtus
1755 1619 1773 1647 5

982 1658 1212 1686 auctorizandi
1222 1667 1363 1695 regnum
1377 1662 1511 1688 nostrae
1524 1658 1740 1688 mortalitatis

983 1705 1032 1732 est
1053 1705 1172 1732 contra
1191 1705 1350 1732 naturam
1369 1703 1555 1733 Ecclesiae:
1575 1713 1651 1740 ergo
1670 1713 1739 1733 non

983 1750 1033 1777 est
1047 1749 1087 1777 de
1101 1757 1240 1778 numero
1253 1748 1419 1778 virtutum
1433 1758 1578 1779 suarum.

1022 1794 1074 1822 Ad
1099 1794 1303 1823 evidentiam
1327 1795 1441 1823 autem
1464 1794 1612 1831 minoris,
1636 1794 1740 1824 scien-

985 1839 1069 1867 dum
1096 1839 1186 1875 quod
1213 1840 1337 1868 natura
1364 1839 1531 1868 Ecclesiae
1554 1839 1664 1868 forma
1689 1842 1739 1869 est
1758 1849 1780 1868 ι(

984 1883 1159 1913 Ecclesiae.
1202 1884 1290 1913 Nam
1304 1883 1456 1920 quamvis
1471 1886 1594 1913 natura
1607 1884 1740 1913 dicatur

983 1930 1024 1959 de
1051 1930 1193 1959 materia
1226 1931 1260 1959 et
1293 1930 1409 1966 forma,
1438 1929 1591 1965 proprius
1623 1931 1738 1959 tamen

983 1975 1108 2004 dicitur
1140 1975 1181 2004 de
1215 1975 1330 2011 forma,
1358 1977 1398 2004 ut
1425 1976 1597 2004 ostensum
1623 1977 1674 2004 est
1698 1975 1736 2004 in

983 2021 1138 2050 Naturali
1149 2021 1277 2051 auditu.
1313 2021 1433 2049 Forma
1447 2022 1560 2049 autem
1571 2020 1738 2050 Ecclesiae

981 2066 1073 2095 nihil
1086 2067 1181 2095 aliud
1196 2069 1247 2096 est
1266 2075 1368 2103 quam
1381 2066 1454 2095 vita
1468 2065 1600 2102 Christi,
1615 2066 1687 2094 tam
1700 2066 1738 2095 in
1755 2077 1780 2104 ¹5

981 2111 1080 2141 dictis
1093 2120 1193 2148 quam
1207 2111 1243 2140 in
1257 2111 1357 2140 factis
1370 2111 1615 2147 comprehensa.
1657 2111 1738 2141 Vita

981 2157 1071 2186 enim
1093 2157 1196 2193 ipsius
1217 2157 1293 2186 idea
1314 2157 1380 2185 fuit
1402 2159 1437 2186 et
1461 2157 1630 2192 exemplar
1650 2157 1736 2186 mili-

979 2202 1086 2231 tantis
1119 2202 1298 2239 Ecclesiae,
1326 2202 1521 2239 praesertim
1553 2204 1734 2239 pastorum,

979 2248 1123 2276 maxime
1145 2248 1276 2284 summi,
1297 2248 1391 2277 cuius
1412 2250 1462 2277 est
1481 2255 1614 2283 pascere
1633 2256 1736 2284 agnos

978 2295 1011 2321 et
1036 2302 1119 2323 oves.
1162 2293 1259 2322 Unde
1282 2293 1352 2329 ipse
1375 2292 1412 2321 in
1440 2293 1567 2321 Ioanne
1592 2292 1735 2321 formam
1749 2302 1780 2325 an

978 2348 1057 2368 suae
1101 2338 1190 2368 vitae
1233 2339 1446 2375 relinquens:
1498 2338 1734 2376 ‘Exemplumss

978 2383 1099 2420 inquit,
1131 2384 1225 2413 ‘dedi
1252 2384 1353 2420 vobis,
1381 2385 1421 2413 ut
1456 2384 1735 2420 quemadmodum

978 2438 1036 2466 ego
1063 2429 1127 2458 feci
1154 2429 1254 2466 vobis,
1281 2429 1331 2458 ita
1358 2431 1392 2458 et
1415 2437 1471 2458 vos
1498 2428 1648 2458 faciatis!
1689 2429 1736 2458 Et

976 2474 1167 2510 specialiter
1181 2475 1224 2503 ad
1238 2474 1385 2510 Petrum,
1401 2476 1577 2511 postquam
1593 2473 1736 2511 pastoris

975 2519 1122 2549 officium
1154 2519 1218 2549 sibi
1257 2518 1432 2551 commisit.
1467 2521 1508 2548 ut
1548 2518 1586 2549 in
1620 2519 1734 2549 eodem
1750 2525 1780 2553 25
