1780 2820
473 131 544 168 DE
573 131 940 171 MONARCHIA:
978 134 1028 170 11.
1055 135 1147 171 CAP.
1175 147 1209 183 5.

14 247 51 275 ⁵0
66 239 301 271 indubitabilia
323 244 394 271 tam
416 243 452 272 in
474 243 634 280 Collegiis,
657 253 758 280 quam
782 244 819 273 in

65 286 289 323 singularibus
303 289 451 324 personis
465 290 694 319 ostendantur.

103 333 152 361 De
178 333 329 370 Collegiis
353 334 495 371 quidem,
522 335 640 371 quibus
667 335 842 365 homines·

63 377 107 406 ad
134 378 384 414 Rempublicam
417 380 657 415 quodammodo
688 381 820 418 religati

63 431 132 452 esse
152 423 318 461 videntur,
339 425 462 454 sufficit
483 425 543 454 illa
563 425 633 454 sola
653 426 819 456 Ciceronis

12 475 46 502 55
63 468 244 498 auctoritas
255 469 291 498 in
301 470 453 499 secundis
462 470 598 500 Officiis:
615 471 819 508 ‘Quamdiu,’

62 513 182 551 inquit,
200 515 399 550 ‘Imperium
419 515 630 552 Reipublicae
650 517 818 547 beneficiis

61 559 246 596 tenebatur,
275 569 345 588 non
377 560 519 597 iniuriis,
548 562 636 591 bella
667 565 726 591 aut
758 572 818 599 pro

60 604 157 633 sociis
176 607 236 634 aut
254 606 294 634 de
314 605 457 642 Imperio
477 608 686 644 gerebantur,
709 609 817 638 exitus

61 652 159 678 erant
171 650 334 679 bellorum
347 653 407 681 aut
420 652 526 689 mites,
541 655 602 682 aut
621 655 815 691 necessarii3

7 696 45 723 (io
61 694 198 732 Regum,
219 697 424 734 populorum,
447 699 481 726 et
501 698 678 728 nationum
701 702 816 735 portus

60 742 132 769 erat
146 742 180 769 et
194 741 361 778 refugium
375 743 528 773 Senatus.
571 745 684 774 Nostri
702 748 814 774 autem

60 785 275 823 Magistratus
313 788 597 826 Imperatoresque
633 791 670 819 in
705 800 744 820 ea
779 802 815 822 re

58 831 202 862 maxime
232 833 366 862 laudem
398 844 513 871 capere
545 837 757 874 studuerunt,
787 839 815 867 si

58 877 252 915 provincias,
287 879 315 908 si
347 879 449 909 socios
480 882 648 917 aequitate
683 885 716 912 et
750 883 814 912 fide

5 921 42 956 ⁶5
59 923 299 961 defendissent;
334 925 446 961 itaque
472 926 558 955 illud
590 928 813 963 patrocinium

57 969 146 998 orbis
170 971 336 999 terrarum
362 972 474 1007 potius
501 982 602 1008 quam
630 974 813 1010 Imperium

57 1016 186 1050 poterat
199 1016 384 1046 nominari!
426 1018 515 1047 Haec
529 1018 648 1048 Cicero.

97 1061 146 1089 De
167 1062 316 1096 personis
340 1064 454 1092 autem
477 1063 703 1099 singularibus
727 1075 813 1094 com—

57 1106 213 1141 pendiose
233 1107 433 1144 progrediar.
476 1109 649 1146 Numquid
670 1120 739 1139 non
759 1112 813 1140 bo-

4 1158 40 1188 70
58 1160 139 1179 num
161 1161 336 1181 commune
357 1153 541 1184 intendisse
562 1155 696 1184 dicendi
720 1159 809 1194 sunt,

57 1196 115 1232 qui
141 1198 269 1234 sudore,
299 1198 357 1234 qui
381 1202 588 1237 paupertate,
618 1202 676 1237 qui
703 1202 810 1239 exilio,

57 1241 115 1278 qui
148 1242 294 1271 filiorum
328 1244 508 1281 orbatione,
542 1246 599 1281 qui
634 1247 811 1278 amissione

56 1287 288 1325 membrorum,
305 1289 363 1325 qui
383 1290 527 1326 denique
547 1291 737 1321 animarum
758 1294 811 1322 ob-

56 1332 180 1362 latione
195 1333 319 1363 bonum
331 1335 503 1371 publicum
518 1346 680 1374 exaugere
699 1340 811 1368 conati

6 1384 39 1412 75
55 1379 159 1407 sunt?

95 1424 215 1454 Nonne
231 1426 454 1457 Cincinnatus
467 1429 524 1458 ille
538 1432 694 1459 sanctum
715 1431 810 1461 nobis

55 1469 190 1506 reliquit
205 1472 403 1509 exemplum,
421 1473 523 1504 libere
538 1476 726 1512 deponendi
741 1477 810 1514 dig—

53 1514 198 1544 nitatem
211 1515 249 1544 in
263 1518 417 1555 termine,
433 1528 537 1555 quum
556 1525 748 1558 assumptus
767 1524 808 1551 ab

52 1562 165 1590 aratro
198 1562 352 1592 Dictator
384 1564 496 1594 sactus
530 1568 590 1604 est,
623 1569 664 1596 ut
694 1568 808 1598 Livius

0 1607 39 1636 ΐο
53 1605 180 1636 refert?
232 1608 277 1636 Et
309 1612 383 1645 post
417 1611 602 1648 victoriam,
638 1616 713 1649 post
750 1615 808 1643 tri-

52 1652 226 1689 umphum,
253 1656 382 1690 sceptro
407 1655 622 1692 imperatorio
649 1659 807 1688 restituto

53 1696 261 1735 Consulibus,
298 1701 482 1731 sudaturus
517 1703 608 1739 post'
628 1705 727 1734 boves
763 1707 807 1735 acl

52 1742 174 1772 stivam
200 1744 303 1774 libere
330 1755 480 1777 reversus
507 1751 565 1779 est.
614 1750 742 1787 Quippe
769 1751 806 1780 in

52 1787 124 1817 eius
137 1788 273 1818 laudem
292 1791 405 1820 Cicero
426 1796 544 1823 contra
560 1795 753 1833 Epicurum,
770 1797 806 1826 in

0 1831 37 1867 85
53 1831 95 1862 iis
121 1842 205 1869 quae
232 1835 273 1863 de
300 1835 384 1865 Fine
410 1838 580 1868 Bonorum
603 1840 804 1878 disceptans,

51 1877 152 1907 huius
179 1879 331 1908 beneficii
363 1890 490 1911 memor
523 1883 612 1913 fuit:
647 1886 806 1923 ‘Itaque,’

50 1922 172 1960 inquit,
209 1926 263 1953 ‘et
296 1926 436 1956 maiores
470 1929 576 1958 nostri
613 1931 657 1959 ab
692 1935 806 1961 aratro

51 1969 221 1999 duxerunt
248 1971 490 2002 Cincinnatum
519 1974 628 2013 illum,
656 1978 696 2006 ut
730 1978 805 2007 Dic-

50 2015 140 2043 tator
159 2017 264 2045 esset.’

0 2069 37 2096 30
90 2060 210 2090 Nonne
237 2061 407 2092 Fabricius
439 2064 548 2095 altum
581 2067 676 2096 nobis
711 2069 804 2098 dedit

49 2106 240 2142 exemplum
277 2109 438 2139 avaritiae
474 2111 660 2149 resistendi,
699 2123 802 2150 quum

49 2160 175 2188 pauper
212 2153 384 2191 exsistens,
426 2165 486 2192 pro
526 2157 592 2186 fido
627 2167 694 2194 qua
730 2159 803 2188 Rei-

49 2196 200 2232 publicae
220 2199 406 2237 tenebatur,
427 2201 503 2230 auri
522 2204 650 2238 grande
671 2206 802 2240 pondus

49 2242 198 2271 oblatum
222 2244 347 2281 derisit,
372 2254 411 2275 ac
433 2246 587 2284 derisum,
611 2250 711 2278 verba
738 2251 802 2280 sibi

0 2293 35 2322 95
50 2288 284 2318 convenientia
302 2289 457 2329 fundens,
478 2293 627 2329 despexit
657 2297 691 2323 et
713 2296 801 2325 resu-

0 2342 1 2345 ’
48 2333 157 2362 tavit?
197 2334 305 2364 Huius
331 2336 433 2366 etiam
460 2339 657 2368 memoriam
681 2342 799 2370 confir-

0 2386 2 2405 ι
47 2378 153 2408 mavit
166 2378 267 2410 Poeta
276 2383 390 2411 noster
399 2382 435 2411 in
447 2386 547 2421 sexto,
559 2394 637 2415 cum
648 2390 800 2418 caneret:

344 2438 352 2454 ‘
363 2448 528 2478 parvoque
542 2444 713 2478 potentem

150 2481 346 2514 Fabricium.
351 2485 359 2498 ⁹

0 2511 30 2586 1ο
85 2537 257 2576 Numquid
284 2547 352 2570 non
378 2543 587 2578 praeferendi
613 2545 702 2582 leges
726 2555 799 2583 pro·

0 2587 1 2606 η

1562 150 1633 186 355

872 245 954 281 priis
982 247 1174 283 commodis,
1203 249 1417 278 memorabile
1450 250 1545 279 nobis
1578 260 1632 279 ex-

873 291 1001 327 emplar
1027 292 1188 321 Camillus
1214 293 1304 322 fuit?
1344 295 1412 331 qui,
1442 297 1630 325 secundum

872 336 1014 372 Livium,
1041 338 1221 367 damnatus
1242 339 1348 376 exilio,
1374 342 1550 377 postquam
1574 351 1630 377 pa-

870 382 973 411 triam
987 383 1143 413 liberavit
1157 386 1331 422 obsessam,
1347 389 1380 415 et
1401 387 1506 423 spolia
1526 388 1629 417 etiam

872 428 1022 456 Romana
1034 429 1156 458 Romae
1167 430 1329 468 restituit,
1342 431 1497 461 universo
1508 434 1629 469 populo
1650 443 1699 471 ¹05

870 473 1085 511 reclamante,
1102 476 1143 503 ab
1158 477 1237 504 urbe
1252 479 1370 506 sancta
1390 478 1550 514 discessit,
1567 488 1628 508 nec

869 521 948 547 ante
969 528 1119 549 reversus
1138 523 1188 549 est
1213 531 1315 558 quam
1336 523 1399 551 sibi
1421 523 1628 559 repatriandi

869 564 1006 593 licentia
1020 567 1061 594 de
1074 567 1275 596 auctoritate
1291 568 1433 597 Senatus
1447 569 1551 598 allata
1566 572 1624 600 est.

870 611 914 638 Et
928 611 1020 640 hunc
1034 613 1287 649 magnanimum
1302 614 1403 643 Poeta
1414 617 1627 645 commendat

869 655 906 684 in
921 659 1022 693 sexto,
1039 667 1143 694 quum
1159 658 1241 687 dicit
1255 670 1261 687 :
1648 677 1699 696 110

979 719 986 733 ‘
997 719 1197 749 referentem
1211 720 1308 757 signa
1323 722 1524 752 Camillum!

908 780 1028 810 Nonne
1042 782 1138 818 filios,
1155 791 1199 811 an
1214 792 1282 812 non
1297 793 1412 814 omnes
1429 785 1521 822 alios,
1539 789 1625 822 post-

867 827 1036 861 ponendos
1062 828 1190 863 patriae
1221 829 1378 866 libertati,
1410 831 1534 860 Brutus
1568 833 1624 861 illo

867 871 994 906 primus
1009 873 1141 901 edocuit
1152 874 1166 901 P
1193 883 1292 910 quem
1308 875 1421 904 Livius
1434 876 1526 913 dicit,
1543 879 1624 906 Con-

866 917 972 945 sulem
1000 918 1212 955 existentem,
1241 921 1391 957 proprios
1425 921 1512 950 filios
1547 932 1623 952 cum
1645 932 1691 959 ¹¹5

866 963 1017 992 hostibus
1063 965 1290 1000 conspirantes
1334 967 1436 995 morti
1484 968 1621 998 dedisse.

866 1009 967 1038 Cuius
991 1009 1097 1045 gloria
1120 1013 1301 1039 renovatur
1324 1011 1361 1040 in
1386 1015 1479 1041 sexto
1503 1014 1622 1044 Poetae

866 1055 972 1083 nostri
986 1056 1026 1084 de
1041 1055 1111 1092 ipso
1125 1057 1279 1086 canentis
1293 1068 1300 1086 z

941 1118 947 1133 ‘
962 1118 1128 1154 Natosque
1143 1122 1238 1155 pater
1251 1130 1337 1150 nova,
1350 1121 1437 1150 bella
1451 1125 1622 1152 moventes

891 1163 943 1191 Ad
950 1173 1091 1200 poenam
1098 1166 1239 1201 pulchra
1245 1176 1303 1202 pro
1311 1167 1464 1197 libertate
1473 1170 1621 1199 vocabit!
1643 1177 1693 1195 120

905 1227 991 1261 Quid
1013 1237 1080 1256 non
1101 1229 1293 1258 audendum
1313 1239 1372 1266 pro
1392 1230 1510 1267 patria,
1527 1232 1622 1261 nobis

865 1272 995 1301 Mucius
1016 1274 1188 1311 persuasit,
1216 1284 1319 1311 quum
1343 1275 1520 1305 incautum
1545 1278 1621 1306 Por-

863 1327 979 1347 senam
1013 1319 1148 1355 invasit,
1184 1329 1288 1355 quum
1323 1321 1444 1350 deinde
1482 1331 1621 1351 manum

863 1365 1041 1399 errantem,
1057 1373 1124 1392 non
1140 1364 1206 1392 alio
1219 1365 1318 1394 vultu
1333 1375 1434 1401 quam
1448 1366 1475 1394 si
1490 1366 1619 1395 hostem

863 1408 1005 1437 cruciari
1031 1409 1169 1445 videret,
1200 1419 1295 1439 suam
1328 1411 1448 1447 adhuc,
1478 1413 1619 1442 cremari
1643 1423 1691 1451 ¹25

861 1453 1091 1489 adspiciebat?
1132 1455 1226 1489 Quod
1247 1456 1351 1485 etiam
1377 1456 1492 1486 Livius
1515 1458 1620 1487 admi—

861 1501 957 1527 ratur
971 1500 1190 1530 testificando.

900 1546 1076 1574 Accedunt
1091 1556 1182 1575 nunc
1197 1546 1275 1576 illac
1290 1548 1534 1578 sacratissimae
1554 1549 1619 1578 vic-

860 1590 963 1619 timae
985 1591 1171 1628 Deciorum‚
1195 1593 1252 1628 qui
1273 1603 1332 1629 pro
1353 1595 1460 1623 salute
1485 1595 1618 1630 publica

860 1637 995 1666 devotas
1021 1637 1155 1666 animas
1182 1642 1387 1674 posuerunt:
1426 1642 1464 1668 ut
1494 1640 1616 1678 Livius,
1639 1652 1689 1678 ¹30

859 1691 927 1710 non
948 1684 1114 1718 quantum
1136 1685 1185 1712 est
1206 1684 1356 1721 dignum,
1373 1686 1430 1714 sed
1451 1688 1617 1721 quantum

858 1727 977 1764 potuit,
992 1728 1208 1764 glorificando
1221 1733 1382 1761 renarrat.
1425 1732 1564 1760 Accedit
1583 1734 1618 1761 ct

857 1773 944 1801 illud
958 1773 1181 1803 inenarrabile
1196 1775 1397 1804 sacrificium
1416 1777 1616 1807 severissimi

858 1827 954 1847 verae
975 1819 1142 1850 libertatis
1162 1821 1308 1850 auctoris
1330 1822 1437 1851 Marci
1462 1823 1617 1853 Catonis:

858 1873 998 1900 quorum
1019 1864 1118 1893 alteri
1140 1874 1201 1901 pro
1221 1866 1329 1895 salute
1349 1867 1476 1903 patriae
1497 1869 1616 1898 mortis
1636 1879 1684 1906 ¹35

857 1910 1012 1939 tenebras
1022 1919 1091 1938 non
1101 1911 1320 1948 horruerunt;
1334 1911 1430 1949 alter,
1438 1915 1478 1942 ut
1488 1915 1615 1942 mundo

856 1954 1021 1984 libertatis
1031 1965 1158 1986 amores
1169 1959 1372 1995 accenderet,
1386 1959 1507 1994 quanti
1517 1959 1615 1988 liber-

856 2002 909 2030 tas
923 2003 1010 2030 esset
1023 2002 1179 2039 ostendit,
1197 2003 1278 2032 dum
1298 2013 1315 2032 e
1330 2004 1401 2032 vita
1417 2005 1502 2033 liber
1521 2006 1613 2034 dece-

856 2047 934 2075 dere
951 2047 1073 2076 maluit
1093 2057 1194 2084 quam
1214 2048 1288 2078 sine
1302 2049 1457 2079 libertato
1476 2059 1612 2080 manere

854 2092 891 2120 in
905 2092 972 2122 illa.
997 2093 1126 2122 Horum
1139 2094 1290 2124 omnium
1306 2104 1427 2124 nomen
1443 2097 1611 2133 egregium
1634 2110 1686 2137 ¹40

854 2146 933 2166 voce
947 2138 1049 2167 Tullii
1062 2140 1243 2176 recalescit,
1260 2140 1295 2170 in
1316 2141 1357 2170 iis
1375 2151 1459 2178 quae
1474 2143 1514 2170 dc
1529 2143 1611 2172 Fine

857 2183 1035 2213 Bonorum.
1075 2185 1194 2222 Inquit
1217 2186 1309 2216 enim
1334 2187 1463 2217 Tullius
1486 2188 1548 2216 hoe
1570 2190 1611 2218 de

855 2229 980 2261 Deciis:
1011 2231 1168 2260 ‘Publius
1188 2232 1316 2270 Decius,
1339 2234 1493 2270 princeps
1514 2234 1550 2263 in
1572 2245 1611 2264 ea

854 2275 992 2312 familia,
1019 2277 1149 2314 Consul,
1179 2287 1283 2314 quum
1309 2288 1343 2308 se
1370 2280 1548 2309 devoveret
1576 2283 1610 2310 et

853 2329 938 2357 equo
969 2322 1113 2350 admisso
1141 2322 1179 2351 in
1207 2324 1354 2353 mediam
1385 2325 1491 2354 aciem
1520 2326 1610 2354 Lati·
1631 2334 1682 2361 ¹⁴5

852 2374 972 2395 norum
995 2366 1152 2405 irruebat,
1173 2368 1300 2405 aliquid
1321 2370 1362 2399 de
1383 2371 1610 2406 voluptatibus

852 2411 920 2440 suis
960 2412 1137 2450 cogitabat,
1173 2414 1230 2443 ubi
1270 2424 1325 2443 eas
1365 2418 1506 2452 caperet,
1549 2419 1610 2445 aut

852 2458 1008 2492 quando?
1054 2468 1157 2496 quum
1191 2460 1291 2489 sciret
1326 2462 1504 2490 confestim
1539 2471 1607 2491 esse

851 2503 1070 2541 moriendum,
1096 2514 1233 2541 eamque
1254 2508 1396 2536 mortem
1417 2507 1607 2536 ardentiore

850 2548 962 2578 studio
991 2551 1120 2586 peteret
1142 2560 1243 2589 quam
1266 2551 1432 2590 Epicurus
1457 2553 1608 2591 volupta-
1629 2562 1679 2591 ¹50

0 2607 1 2633 1
767 2613 877 2641 Aua*
