1780 2820
160 129 234 176 356

560 130 631 167 DE
661 130 1024 169 MONARCHIA:
1062 131 1112 168 11.
1139 131 1233 169 CAP.
1258 144 1339 181 5-7.

162 244 231 272 tem
257 243 436 279 petendam
463 242 619 279 putavit?
661 243 754 277 Quod
782 242 917 278 quidem

163 288 234 317 cius
260 289 398 325 i‘actum,
428 288 494 317 nisi
522 290 608 318 esset
635 288 707 317 iure
729 289 916 325 laudatum,

163 343 231 363 non
246 336 331 363 esset
345 334 499 363 imitatus
519 336 638 371 quarto
659 334 842 363 Consulatu
857 343 917 363 suo

162 380 271 416 filius;
307 388 414 416 neque
441 389 538 416 porro
566 390 606 409 ex
633 389 670 409 eo
701 382 810 416 natus,
840 390 917 409 cum

98 431 145 459 155
163 425 290 461 Pyrrho
316 426 440 455 bellum
467 435 593 462 gerens,
621 426 744 454 Consul
772 435 809 454 eo
837 426 918 455 ceci-

163 471 267 500 disset
299 471 335 500 in
371 472 505 508 praelio,
542 480 640 507 seque
675 481 692 500 o
726 471 916 500 continenti

161 526 280 553 genere
297 517 433 547 tertiam
447 517 619 546 victimam
633 516 846 552 Reipublicae
860 517 917 545 iri-

162 562 307 592 buisset.’
349 563 390 591 In
412 562 454 591 iis
468 571 544 591 vero
564 570 647 598 quae
666 562 707 590 de
726 561 860 598 Officiis,
877 563 917 590 de

164 609 288 637 Catone
303 608 446 637 dicebat:
471 609 478 623 ‘
488 608 561 636 Non
576 607 667 636 enim
681 607 749 636 alia
762 607 798 635 in
818 616 918 636 causa

93 654 147 682 160
165 654 297 683 Marcus
318 654 399 682 Cato
419 653 494 689 fuit,
516 652 584 681 alia
604 652 726 681 caeteri
748 652 805 688 qui
826 661 859 681 se
880 652 916 680 in

163 699 278 728 Africa
302 698 434 728 Caesari
458 697 692 734 tradiderunt3
723 699 822 733 atque
847 707 917 727 cae-

162 744 244 773 teris
268 745 380 773 forsan
401 743 484 772 vitio
506 744 625 771 datum
646 745 739 779 esset,
763 743 791 771 si
813 752 846 772 se
867 743 917 771 in-

162 789 382 826 teremissent,
395 791 569 826 propterea
582 789 669 825 quod
683 789 788 818 levior
801 798 916 818 eorum

161 835 241 871 vita,
255 838 288 865 et
302 845 409 865 mores
423 835 562 864 fuerunt
575 835 749 864 faciliores.
799 835 917 864 Catoni

93 884 143 918 165
161 890 238 910 vero
252 891 354 917 quum
369 881 598 910 incredibilem
612 882 735 909 natura
745 880 917 909 tribuisset

161 926 368 963 gravitatem,
389 935 527 962 eamque
547 927 707 962 perpetua
727 925 917 954 constantia

160 972 352 1008 roborasset,
364 980 554 1007 semperque
563 971 599 999 in
611 971 778 1006 proposito
788 980 916 1007 suscep-

160 1019 258 1053 toque
279 1017 418 1045 consilio
438 1016 683 1052 permansisset,
705 1016 916 1045 moriendum

161 1062 191 1091 ei
215 1062 326 1099 potius
353 1071 453 1098 quam
478 1061 618 1098 tyranni
641 1062 755 1090 vultus
777 1061 917 1098 adspici-

95 1116 145 1143 170
161 1108 267 1136 endus
281 1108 366 1137 fuit!

200 1153 266 1183 V1.
283 1154 459 1183 Declarata
468 1153 573 1190 igitur
583 1155 648 1182 duo
660 1155 759 1190 sunt3
775 1163 915 1189 quorum

160 1210 268 1229 unum
287 1202 346 1236 est,
365 1201 452 1236 quod
474 1200 675 1236 quicumque
695 1200 821 1228 bonum
843 1199 916 1228 Rei-

160 1246 311 1282 publicae
334 1245 491 1282 intendit,
516 1246 618 1274 finem
642 1245 726 1274 iuris
747 1245 915 1274 intendit:

160 1292 253 1321 aliud
280 1294 339 1328 est,
362 1292 448 1328 quod
469 1292 641 1320 Romanus
668 1291 812 1327 populus
842 1292 916 1320 sub-

125 1346 142 1373 5
159 1337 289 1366 iciendo
310 1337 373 1366 sibi
391 1338 512 1373 orbem,
528 1338 654 1366 bonum
675 1336 847 1372 publicum
866 1336 916 1365 in-

159 1382 279 1412 tendit.
322 1383 422 1411 Nunc
449 1385 614 1418 arguatur
639 1383 683 1410 ad
709 1382 916 1418 propositum

159 1428 223 1458 sic:
245 1428 440 1464 Quicunque
455 1428 556 1456 finem
570 1427 654 1456 iuris
667 1427 826 1463 intendit,
838 1437 915 1456 cum

159 1473 232 1503 iure
262 1474 433 1510 graditur:
469 1474 640 1502 Romanus
669 1473 811 1509 populus
842 1474 916 1502 sub-

158 1519 291 1549 iciendo
311 1519 375 1548 sibi
396 1519 517 1556 orbem,
533 1520 636 1548 finem
651 1518 734 1548 iuris
754 1519 913 1556 intendit,

109 1578 143 1597 10
158 1568 198 1595 ut
211 1566 386 1595 manifeste
397 1575 456 1602 per
466 1566 635 1602 superiora
645 1565 681 1593 in
692 1565 757 1594 isto
768 1565 915 1601 capitulo

159 1614 210 1641 est
236 1613 432 1649 probatum;
467 1622 544 1649 ergo
572 1613 745 1640 Romanus
771 1612 915 1647 populus

159 1658 352 1688 subiciendo
366 1658 430 1687 sibi
440 1659 563 1694 orbem,
574 1667 652 1686 cum
661 1657 733 1686 iure
744 1658 807 1686 hoc
816 1658 911 1693 fecit;

159 1706 192 1733 et
212 1713 272 1740 per
291 1713 498 1740 consequens
522 1705 563 1732 de
586 1703 658 1733 iure
685 1703 749 1732 sibi
773 1704 915 1733 adscivit

158 1750 295 1786 Imperii
309 1750 522 1786 dignitatem.

109 1807 141 1834 15
199 1796 288 1829 Quae
309 1795 487 1831 conclusio,
508 1796 548 1823 ut
569 1804 609 1823 ex
629 1794 784 1824 omnibus
807 1794 914 1823 mani-

158 1841 252 1870 festis
271 1841 369 1870 illata
389 1841 444 1878 sit,
471 1840 759 1869 manifestandum
780 1842 831 1869 est
851 1841 914 1869 hoc

157 1887 244 1922 quod
278 1886 423 1916 dicitur:
460 1887 547 1921 quod
580 1885 780 1922 quicumque
812 1886 914 1914 finem

157 1932 241 1961 iuris
264 1932 423 1968 intendit,
453 1941 531 1960 cum
554 1931 626 1960 iure
650 1932 813 1968 graditur.
860 1932 913 1960 Ad

158 1971 252 2006 euius
290 1977 495 2006 evidentiam
535 1977 782 2006 advertendum
825 1977 913 2012 quod

105 2034 141 2052 20
157 2023 323 2060 quaelibet
342 2032 395 2052 res
414 2025 463 2052 est
482 2025 618 2059 propter
636 2023 781 2060 aliquem
799 2023 911 2059 finem,

156 2069 256 2098 aliter
270 2071 354 2098 esset
368 2068 489 2106 otiosa3
511 2070 600 2105 quod
620 2078 690 2098 esse
708 2078 776 2097 non
795 2070 912 2105 potest,

156 2116 196 2144 ut
209 2115 359 2150 superius
371 2114 550 2144 dicebatur.
580 2114 624 2143 Et
634 2115 914 2150 quemadmodum

157 2160 266 2189 omnis
292 2169 345 2189 res
372 2162 423 2189 est
454 2161 498 2189 ad
527 2160 699 2196 proprium
726 2160 837 2195 finem,
865 2159 914 2188 sic

159 2206 271 2235 omnis
285 2206 361 2235 finis
374 2206 543 2243 propriam
556 2206 658 2235 habet
671 2215 742 2235 rem
757 2205 851 2234 cuius
863 2208 913 2234 est

106 2260 139 2287 25
157 2252 243 2282 finis.
296 2252 395 2281 Unde
415 2251 618 2288 impossibile
639 2253 690 2280 est
711 2251 825 2287 aliqua
848 2251 914 2279 duo

155 2307 214 2335 per
233 2307 267 2327 se
286 2297 459 2334 loquendo,
481 2297 519 2326 in
539 2299 705 2333 quantum
719 2297 794 2332 duc,
810 2296 912 2325 finem

156 2344 299 2373 cundem
310 2343 498 2379 intendere;
515 2344 708 2378 sequeretur
719 2342 809 2371 enim
823 2341 912 2370 idem

155 2388 403 2424 inconveniens,
419 2388 507 2424 quod
525 2388 670 2416 alterum
684 2387 811 2416 scilicet
829 2389 912 2416 esset

154 2435 287 2463 frustra.
332 2434 441 2467 Quum
466 2442 543 2469 ergo
569 2432 653 2461 iuris
677 2433 754 2461 finis
776 2433 912 2468 quidam

103 2491 140 2517 30
155 2481 208 2517 sit,
231 2482 270 2509 ut
291 2480 358 2508 iam
379 2479 585 2508 declaratum
607 2481 674 2515 cst;
699 2488 830 2507 neccsse
851 2480 910 2515 est,

156 2528 222 2557 fine
236 2527 295 2556 illo
307 2527 423 2566 posito,
438 2527 490 2555 ius
503 2526 592 2564 poni,
609 2535 686 2555 cum
700 2525 743 2554 sit
758 2525 911 2563 proprius

971 246 1004 272 et
1019 253 1077 280 per
1091 253 1124 273 se
1139 244 1220 273 iuris
1235 244 1381 275 effectus.
1415 245 1458 274 Et
1469 254 1572 282 quum
1587 245 1622 274 in
1635 245 1727 275 omni

971 290 1208 326 consequentia
1225 290 1423 327 impossibile
1438 291 1481 320 sit
1501 291 1621 321 habere
1635 293 1728 321 ante-

955 336 1091 369 ,cedens
1111 337 1232 372 absque
1251 339 1482 373 consequente,
1498 338 1536 366 ut
1556 337 1727 367 hominem

970 381 1040 410 sine
1062 381 1210 419 animali,
1231 381 1317 410 sicut
1337 383 1429 418 patet
1451 383 1674 411 construendo
1692 384 1727 412 et
1743 386 1779 416 35

971 427 1191 463 destruendo;
1226 427 1427 463 impossibile
1449 430 1498 456 est
1520 428 1602 456 iuris
1624 428 1727 457 finem

970 481 1127 507 quaerere
1141 472 1211 501 sine
1226 472 1307 508 iure,
1323 481 1426 508 quum
1441 473 1605 508 quaelibet
1619 482 1671 502 res
1683 474 1727 503 ad

969 517 1140 553 proprium
1148 518 1249 547 finem
1256 527 1289 547 se
1296 518 1418 547 habeat
1425 518 1517 546 velut
1523 527 1726 554 consequens

969 563 1012 590 ad
1052 563 1272 592 antecedens:
1312 572 1392 591 nam
1432 563 1633 598 impossibile
1676 565 1726 592 est

970 607 1090 636 bonam
1098 608 1323 637 valetudinem
1330 609 1551 637 membrorum
1559 607 1725 645 attingere
1741 617 1780 645 4ο

969 652 1040 681 sine
1050 653 1203 683 sanitate.
1234 654 1372 689 Propter
1380 654 1467 689 quod
1480 653 1726 684 evidentissime

970 699 1063 734 patet
1097 700 1183 734 quod
1224 699 1326 727 finem
1367 699 1449 728 iuris
1489 699 1725 728 intendentem

969 745 1098 780 oportet
1127 753 1204 772 cum
1231 744 1302 773 iure
1327 743 1520 781 intendere;
1550 754 1611 774 1100
1637 745 1727 774 valet

972 789 1138 819 instantia
1179 799 1263 826 quae
1303 791 1343 819 de
1384 790 1493 819 verbis
1535 790 1726 826 Philosophi

970 834 1138 864 cubuliam
1152 836 1391 871 pertractantis
1405 836 1481 864 elici
1501 836 1591 865 solet.
1635 835 1727 865 Dicit
1742 839 1780 870 45

970 880 1061 908 enim
1080 881 1319 917 Philosophus:
1341 882 1420 910 ‘Sed
1440 883 1489 910 est
1509 883 1542 910 et
1562 881 1624 910 hoc
1644 881 1727 910 falso

970 926 1169 963 syllogismo,
1190 926 1303 955 sortiri
1327 927 1414 962 quod
1438 926 1575 963 quidem
1596 928 1727 963 oportet

969 971 1089 1008 sortiri,
1110 981 1169 1008 per
1187 973 1274 1008 quod
1294 975 1407 1001 autem
1430 982 1507 1008 non,
1528 973 1585 1002 sed
1604 973 1727 1001 salsum

970 1017 1117 1046 medium
1149 1018 1332 1046 terminum
1363 1019 1451 1047 esse.'
1505 1018 1592 1047 Nam
1625 1018 1653 1048 si
1686 1028 1727 1048 ex

969 1062 1062 1092 falsis
1089 1072 1205 1092 verum
1233 1064 1474 1100 quodammodo
1505 1064 1725 1102 concluditur,
1742 1071 1780 1100 ς)

970 1109 1032 1137 hoc
1055 1111 1106 1138 est
1129 1118 1189 1146 per
1211 1109 1375 1145 accidens,
1398 1109 1434 1138 in
1456 1112 1620 1146 quantum
1641 1110 1726 1139 illud

971 1164 1084 1184 verum
1111 1155 1313 1191 importatur
1339 1164 1398 1191 per
1423 1164 1519 1184 voces
1547 1155 1726 1192 illationis;

969 1209 1028 1236 per
1047 1210 1081 1230 se
1095 1200 1186 1230 enim
1201 1209 1316 1230 verum
1330 1209 1504 1237 nunquam
1522 1200 1672 1236 sequitur
1685 1210 1726 1230 ex

969 1246 1070 1283 falsis,
1093 1247 1189 1283 signa
1209 1248 1324 1275 tamen
1345 1246 1415 1276 veri
1436 1247 1518 1276 bene
1539 1249 1727 1283 sequuntur

969 1301 1008 1320 cx
1029 1292 1134 1328 signis
1154 1301 1238 1328 quae
1259 1295 1339 1321 sunt
1360 1292 1457 1329 signa
1476 1292 1562 1321 salsi.
1615 1292 1670 1321 Sic
1691 1294 1726 1322 et
1741 1294 1780 1325 55

968 1338 1004 1366 in
1023 1338 1254 1375 operabilihus.
1299 1338 1387 1366 Nam
1406 1338 1487 1366 licet
1504 1338 1560 1366 fur
1579 1339 1620 1367 de
1634 1339 1726 1368 furto

967 1384 1142 1413 subveniat
1154 1383 1302 1420 pauperi,
1313 1392 1381 1412 non
1392 1385 1507 1413 tamen
1519 1383 1726 1420 eleemosyna

968 1430 1109 1458 dicenda
1130 1431 1188 1466 est,
1204 1430 1261 1458 sed
1280 1431 1330 1458 est
1349 1429 1436 1458 actio
1451 1430 1626 1466 quaedam,
1641 1439 1724 1466 quae
1776 1426 1780 1430 “

967 1475 995 1503 si
1003 1476 1042 1504 de
1051 1475 1186 1511 propria
1194 1475 1382 1504 substantia
1388 1475 1491 1511 fieret,
1499 1475 1724 1511 eleemosynae

968 1521 1110 1550 sormam
1133 1521 1278 1550 haberet.
1330 1520 1493 1549 Similiter
1517 1522 1566 1549 est
1593 1521 1633 1549 de
1657 1521 1724 1550 fine
1741 1519 1780 1548 6⁰·

967 1565 1050 1594 iuris
1062 1577 1068 1594 :
1089 1565 1168 1602 quia
1181 1565 1210 1594 si
1223 1565 1360 1602 aliquid,
1372 1566 1412 1593 ut
1423 1565 1501 1593 finis
1514 1564 1616 1600 ipsius
1630 1564 1723 1602 iuris,

967 1611 1090 1647 absque
1116 1611 1190 1640 iure
1214 1611 1431 1646 obtineretur,
1457 1610 1508 1638 ita
1534 1612 1619 1639 esset
1646 1611 1725 1640 finis
1778 1642 1780 1644 ,

966 1656 1059 1692 iuris,
1087 1656 1150 1684 hoc
1183 1657 1233 1684 est
1265 1664 1440 1684 commune
1473 1655 1607 1691 bonum,
1636 1655 1724 1684 sicut

967 1701 1127 1730 exhibitio
1158 1701 1250 1730 faeta
1282 1702 1323 1730 de
1356 1701 1443 1729 male
1479 1700 1640 1736 acquisito
1674 1703 1725 1730 est
1777 1736 1780 1741 Ι

966 1748 1174 1783 eleemosyna
1187 1759 1193 1776 :
1212 1750 1246 1776 et
1260 1747 1316 1783 sic,
1332 1756 1436 1782 quum
1449 1746 1485 1774 in
1499 1746 1724 1782 propositione
1741 1746 1780 1807 ⁶³

966 1794 1099 1822 dicatur
1109 1794 1149 1822 de
1158 1794 1224 1822 fine
1234 1793 1317 1821 iuris
1327 1792 1500 1828 existente,
1511 1801 1578 1820 non
1588 1794 1724 1821 tantum
1775 1812 1780 1830 3

965 1841 1157 1875 apparente,
1186 1838 1352 1867 instantia
1385 1837 1481 1866 nulla
1513 1839 1571 1867 est.
1626 1838 1725 1868 Patet
1770 1841 1780 1903 ⁴

966 1884 1070 1921 igitur
1083 1884 1171 1920 quod
1185 1884 1413 1920 quaerebatur.

1005 1929 1093 1958 VH.
1117 1929 1161 1957 Et
1184 1929 1270 1957 illud
1290 1929 1378 1965 quod
1400 1930 1524 1957 natura
1544 1927 1721 1964 ordinavit,

966 1975 1006 2004 de
1020 1974 1094 2003 iure
1107 1976 1279 2003 servatur:
1306 1976 1431 2002 natura
1449 1973 1542 2002 enim
1562 1973 1598 2001 in
1616 1973 1723 2009 provi-

966 2021 1075 2049 dendo
1088 2029 1158 2049 non
1169 2019 1281 2048 deficit
1295 2019 1336 2047 ab
1347 2018 1494 2048 hominis
1503 2018 1720 2055 providentia,
1765 2018 1767 2022 ⁴

966 2067 1045 2102 quia
1055 2066 1084 2095 si
1092 2066 1257 2101 deficeret,
1266 2065 1403 2094 effectus
1410 2066 1580 2100 superaret
1587 2073 1722 2094 causam

966 2112 1002 2140 in
1029 2112 1189 2148 bonitate,
1215 2111 1303 2147 quod
1329 2112 1379 2139 est
1406 2110 1615 2146 impossibile.
1657 2110 1722 2139 Sed
1737 2118 1757 2148 5

966 2166 1027 2186 nos
1034 2157 1186 2186 videmus
1196 2157 1283 2192 quod
1292 2155 1328 2184 in
1339 2155 1483 2191 collegiis
1492 2154 1719 2191 instituendis,

966 2212 1034 2231 non
1058 2203 1165 2232 solum
1189 2203 1269 2230 ordo
1292 2201 1494 2237 collegarum
1514 2201 1557 2228 ad
1577 2199 1722 2229 invicem
1760 2219 1763 2221 Α

966 2249 1196 2278 consideratur
1222 2249 1264 2277 ab
1291 2247 1498 2283 instituente,
1527 2247 1586 2275 sed.
1618 2246 1720 2275 etiam

964 2295 1108 2324 facultas
1134 2295 1178 2323 ad
1204 2293 1311 2322 officia
1338 2293 1529 2328 exercenda,
1556 2292 1643 2328 quod
1669 2293 1721 2321 cst

965 2340 1171 2368 considerare
1195 2339 1379 2368 terminum
1403 2338 1486 2367 iuris
1510 2338 1548 2366 in
1573 2337 1717 2375 collegio,
1736 2335 1754 2370 ι’

965 2385 1018 2414 vel
1037 2385 1073 2414 in
1094 2385 1226 2421 ordine3
1255 2393 1323 2412 non
1344 2384 1434 2413 enim
1455 2383 1507 2412 ius
1527 2383 1719 2412 extenditur

964 2432 1056 2460 ultra
1082 2439 1183 2467 posse.
1238 2430 1326 2466 Ergo
1352 2430 1394 2458 ab
1421 2429 1484 2458 hac
1511 2428 1720 2464 providentia

964 2479 1088 2505 natura
1124 2485 1192 2504 non
1227 2475 1341 2505 deficit
1375 2475 1411 2503 in
1445 2475 1513 2504 suis
1547 2473 1716 2503 ordinatis.

964 2524 1101 2560 Propter
1121 2524 1207 2560 quod
1226 2524 1328 2560 patet,
1345 2522 1431 2558 quod
1451 2522 1574 2550 natura
1586 2519 1719 2549 ordinat
