1780 2820
2 475 5 500 ς’

404 106 476 144 DE
504 107 872 146 MONARCHIA:
911 108 961 146 II.
989 109 1083 147 CAP.
1112 110 1293 157 13—111.
1322 124 1353 157 1,
1371 124 1404 149 2.

121 215 282 245 inferenti
294 218 336 246 ab
349 217 493 248 habente
505 218 770 250 iurisdietionem
778 220 876 256 puni-

121 261 210 291 endi.
255 262 359 299 Unde,
388 263 455 293 nisi
488 265 530 293 ab
564 265 735 294 ordinario
764 265 874 296 iudice

120 315 226 342 poena
249 307 379 337 inflicta
401 309 454 346 sit,
480 310 611 346 punitio
634 319 703 339 non
730 313 788 347 est,
815 313 873 341 sed

69 364 103 391 35
119 354 229 389 potius
242 354 368 385 iniuria
381 358 430 385 est
445 357 594 387 dicenda,
630 357 726 386 Unde
742 357 872 387 dicebat

119 398 177 427 ille
199 399 322 435 Moysi:
353 401 450 435 ‘Quis
473 404 508 432 te
529 402 704 432 constituit
727 403 871 432 iudicem

118 454 218 482 super
231 455 290 475 nos
299 448 326 475 ?’

158 490 195 520 Si
216 501 293 528 ergo
313 494 376 522 sub
395 494 564 524 ordinario
586 494 697 524 iudice
719 495 871 525 Christus

118 546 233 572 passus
260 548 328 568 non
357 540 482 577 fuisset,
513 541 573 570 illa
597 551 705 578 poena
738 542 871 578 punitio

63 591 104 618 40
119 590 187 611 non
201 583 317 613 fuisset
329 595 336 614 :
357 587 390 614 et
403 585 502 615 iudex
515 586 704 616 ordinarius
718 597 787 617 esse
801 597 869 616 non

116 629 254 665 poterat,
266 628 331 658 nisi
340 638 442 666 supra
450 633 559 660 totum
567 631 756 661 humanum
764 642 870 669 genus

115 672 381 704 iurisdictionem
402 675 538 713 habens,
558 686 662 713 quum
679 679 791 707 totum
808 679 870 708 hu-

115 727 255 748 manum
288 729 392 757 genus
431 722 469 751 in
506 731 607 752 carne
647 723 707 754 illa
742 724 870 754 Christi

114 766 282 800 portantis
314 767 442 797 dolores
468 772 599 798 nostros
627 772 678 806 (ut
713 771 762 800 ait
792 771 869 800 Pro-

61 816 99 844 45
114 809 236 848 pheta),
264 813 317 842 vel
351 814 558 851 sustinentis,
595 815 781 851 puniretur.
824 817 868 846 Et

113 864 215 892 supra
239 859 350 887 totum
376 859 564 889 humanum
589 870 694 897 genus
719 862 868 892 Tiberius

114 901 243 939 Caesar,
258 903 354 932 cuius
367 904 512 934 vicarius
532 908 605 935 erat
618 907 757 945 Pilatus,
772 907 869 937 iuris-

115 946 296 978 dictionem
309 958 379 978 non
398 949 578 987 habuisset,
594 951 661 981 nisi
678 953 868 984 Romanum

114 992 299 1029 Imperium
311 995 352 1024 (le
366 995 438 1024 iure
451 996 576 1027 suisset.
615 998 704 1027 Hinc
718 1002 767 1028 est
781 1002 868 1037 quod

61 1044 99 1071 50
115 1038 269 1077 Herodes,
286 1041 437 1076 quamvis
457 1041 615 1079 ignorans
635 1045 717 1080 quid
731 1045 865 1084 faceret,

113 1084 202 1114 sicut
225 1086 259 1114 et
282 1086 433 1124 caiphas,
455 1097 559 1123 quum
578 1098 695 1119 verum
718 1091 806 1120 dixit
826 1093 867 1121 de

114 1130 247 1159 coelesti
264 1131 404 1169 decreto,
420 1133 590 1163 Christum
610 1135 717 1165 Pilato
737 1138 868 1167 remisit

113 1177 157 1205 ad
179 1176 405 1215 iudicandum,
430 1182 469 1208 ut
494 1180 600 1210 Lucas
622 1181 660 1210 in
685 1183 868 1221 Evangelio

113 1230 173 1250 suo
182 1222 295 1253 tradit.
332 1224 414 1253 Erat
425 1225 515 1254 enim
526 1227 673 1257 Herodes
682 1237 750 1257 non
761 1229 866 1258 vicem
892 1243 893 1250 ¹

62 1274 96 1302 55
112 1267 234 1296 Tiberii
253 1278 371 1305 gerens
385 1270 446 1298 sub
466 1271 561 1307 signo
575 1273 715 1310 aquilae,
731 1274 785 1303 vel
805 1275 866 1304 sub

111 1313 207 1350 signo
227 1315 382 1352 Senatum
413 1318 469 1346 sed
490 1327 556 1355 rex,
580 1327 682 1355 regno
702 1320 865 1356 singulari
890 1337 892 1355 ;

112 1360 286 1390 ordinatus
307 1362 348 1390 ab
369 1371 415 1399 ee,
436 1366 469 1392 et
490 1364 551 1392 sub
572 1364 667 1401 signo
687 1366 781 1402 regni
797 1366 865 1397 sihi

110 1405 278 1435 commissi
291 1408 488 1443 gubernans.

150 1451 313 1482 Desinant
335 1453 440 1490 igitur
460 1455 640 1492 imperium
666 1458 863 1493 exprobrare

56 1496 96 1523 60
111 1495 298 1527 Romanum
310 1500 369 1535 qui
381 1509 417 1528 se
431 1500 518 1530 filios
532 1502 700 1531 Ecclesiae
711 1503 859 1540 fingunt3

108 1549 216 1577 quum
239 1543 376 1573 videant
398 1554 555 1582 sponsum
579 1547 751 1576 Christum
775 1549 862 1578 illud
887 1575 889 1589 ἱ

109 1588 157 1617 sic
170 1588 207 1617 in
221 1591 362 1626 utroque
375 1592 520 1621 termino
533 1601 611 1623 suae
621 1594 764 1623 militiae
776 1604 862 1624 com-

107 1634 270 1670 probasse.
302 1636 346 1664 Et
355 1636 422 1665 iam
430 1637 634 1668 sufficienter
643 1640 861 1669 manifestum

107 1687 177 1708 esse
191 1679 343 1718 arbitror,
360 1682 548 1711 Romanum
563 1685 723 1720 populum
742 1686 806 1714 sibi
820 1686 861 1715 de

56 1726 92 1761 65
107 1723 180 1754 iure
193 1726 279 1754 orbis
293 1727 474 1763 Imperium
487 1730 672 1760 adscivisse.

149 1769 175 1798 Ο
202 1770 332 1800 felicem
365 1773 533 1811 populum,
561 1784 581 1803 o
611 1776 793 1806 Ausoniam
827 1779 860 1806 te

107 1814 291 1853 gloriosam,
319 1818 349 1846 si
374 1819 428 1847 vel
458 1828 643 1856 numquam
669 1821 860 1851 infirmator

107 1859 164 1889 ille
187 1860 319 1897 imperii
342 1862 393 1891 tui
416 1866 516 1892 natus
540 1864 664 1902 fuisset,
687 1867 741 1895 vel
764 1875 859 1895 num-

107 1914 208 1941 quam
221 1915 281 1936 sua
294 1907 349 1943 pia
362 1908 507 1938 intentio
521 1910 629 1946 ipsum
643 1911 832 1941 fefellisset!

438 2029 535 2046 ..φφ-

297 2141 440 2173 LIBER
461 2142 669 2177 TERTIUS.

140 2217 308 2252 Quum-za
328 2229 484 2250 ormeluu
504 2222 732 2260 Mosuzcfflu:‚
756 2233 829 2253 siva

136 2275 282 2314 larium,
307 2287 481 2308 »trasum-
502 2289 522 2308 Α
546 2289 609 2309 nno
631 2290 828 2313 muamus.

144 2351 177 2382 1.
219 2352 417 2381 ‘Coxcnusrr
450 2363 508 2383 ora
539 2354 685 2392 leonum,
721 2358 755 2386 et
789 2366 857 2386 non

105 2399 294 2426 nocuerunt
314 2398 417 2435 mihi;
441 2399 518 2434 quia
537 2409 650 2430 coram
669 2410 707 2431 eo
728 2401 858 2432 iustitia

105 2441 244 2472 inventa
262 2446 311 2472 est
332 2443 369 2472 in
393 2445 466 2473 mest
507 2445 549 2473 In
571 2445 736 2482 principio
757 2447 858 2476 huius

105 2488 211 2523 operis
232 2489 434 2524 propositum
459 2490 524 2518 suit
547 2488 587 2518 de
612 2492 719 2521 tribus
744 2502 856 2528 quaes-

1610 114 1681 160 363

926 220 1081 258 tionibus,
1110 225 1210 258 prout
1244 223 1387 252 materia
1419 227 1598 262 pateretur,
1630 226 1681 254 in·
1697 234 1714 262 5

926 266 1076 303 quirere;
1107 269 1148 296 de
1175 277 1318 303 quarum
1341 270 1469 298 duabus
1491 271 1617 308 primis,
1643 272 1680 300 in

925 312 1149 348 superioribus
1169 313 1272 349 libris,
1294 317 1333 342 ut
1354 316 1459 351 cred0,
1476 316 1680 346 sufficienter

924 360 1097 392 peractum
1125 360 1182 388 cst.
1240 359 1338 388 Nunc
1366 362 1480 389 autem
1508 362 1547 390 de
1579 363 1679 391 tertia

923 404 1028 432 restat
1047 404 1222 440 agendum.
1266 405 1367 434 Cuius
1389 406 1524 442 quidem
1545 407 1676 444 veritas,

923 449 1003 484 quia
1029 449 1102 478 sine
1135 450 1254 479 rubore
1289 451 1477 487 aliquorum
1512 462 1678 490 emergere
1698 461 1732 479 10

923 494 1048 531 nequit,
1084 495 1226 524 forsitan
1260 496 1402 525 alicuius
1435 497 1678 534 indignationis

921 538 958 567 in
986 548 1040 568 me
1065 549 1166 569 causa
1188 541 1261 571 erit.
1304 542 1368 570 Sed
1391 543 1469 578 quia
1491 544 1531 573 de
1555 544 1678 573 throno

921 584 1126 614 immutabili
1144 595 1204 615 suo
1219 587 1349 616 Veritas
1368 589 1573 626 deprecatur,
1590 590 1678 618 Salo-

921 639 999 659 mon
1021 631 1132 668 etiam‚
1149 632 1277 668 sylvam
1299 633 1549 663 Proverbiorum
1570 635 1678 672 ingre-

921 676 1026 713 diens,
1054 677 1285 706 meditandam
1319 679 1505 716 veritatem,
1534 679 1676 716 impium
1699 691 1729 717 15

921 723 1166 761 detestandum,
1194 724 1231 752 in
1258 733 1292 754 se
1320 726 1460 763 facturo,
1485 735 1545 755 nos
1572 728 1674 764 docet,

919 777 958 797 ac
986 772 1181 805 praeceptor
1213 779 1344 799 morum
1372 771 1600 808 Philosophus,
1630 773 1676 801 fa-

920 813 1066 843 miliaria
1084 815 1289 845 destruenda
1307 825 1367 852 pro
1382 817 1521 846 veritate
1540 819 1674 855 suadet3

919 860 1098 896 adsumpta
1111 860 1235 890 fiducia
1249 862 1289 890 de
1298 862 1407 891 verbis
1421 862 1571 892 Danielis
1584 872 1675 899 prae-

920 905 1038 942 missis,
1053 905 1089 935 in
1105 906 1223 942 quibus
1244 907 1360 936 divina
1377 908 1528 944 potentia
1541 909 1676 945 clypeus
1694 918 1730 936 20

920 951 1130 981 defensorum
1161 953 1314 982 veritatis
1345 954 1543 991 adstruitur,
1580 956 1676 984 iuxta

918 997 1140 1027 monitionem
1153 998 1259 1036 Pauli,
1275 999 1354 1029 fidei
1365 1000 1504 1030 loricam
1517 1001 1672 1039 induens,

919 1042 1086 1073 incalore
1107 1044 1260 1074 carbonis
1285 1044 1378 1075 illius
1405 1055 1504 1082 quem
1525 1056 1613 1076 unus
1634 1048 1674 1077 de

919 1089 1094 1125 Seraphim
1119 1091 1248 1126 accepit
1282 1091 1322 1120 de
1349 1092 1451 1120 altari
1476 1093 1609 1123 coelesti
1639 1097 1674 1123 et

892 1135 894 1159 ἐ
919 1135 1030 1171 tetigit
1044 1135 1133 1164 labia
1151 1136 1268 1173 Isaiae,
1283 1138 1497 1173 gymnasium
1516 1148 1673 1175 praesens
1690 1147 1724 1175 25

918 1179 1097 1216 ingrediar,
1123 1184 1157 1210 et
1180 1182 1217 1210 in
1242 1183 1378 1212 brachio
1402 1183 1507 1221 Illius,
1532 1185 1590 1220 qui
1612 1194 1673 1214 nos

919 1225 959 1253 de
972 1227 1135 1260 potestate
1149 1228 1366 1257 tenebrarum
1379 1229 1533 1258 liberavit
1547 1229 1583 1258 in
1598 1239 1673 1259 san-

917 1270 1018 1306 guine
1037 1280 1105 1308 suo,
1130 1271 1274 1308 impium
1295 1275 1394 1309 atque
1415 1275 1610 1304 mendacem
1631 1276 1672 1304 de

916 1315 1092 1353 palma,
1137 1320 1309 1353 spectante
1362 1321 1497 1356 mundo,
1542 1320 1668 1351 eiciam.

915 1361 1005 1394 Quid
1028 1362 1191 1391 timeam?
1224 1373 1328 1400 quum
1352 1365 1497 1400 Spiritus
1524 1367 1617 1395 Patri
1638 1369 1672 1396 et
1689 1374 1726 1399 30

916 1406 1002 1434 Filio
1025 1410 1219 1437 coaeternus
1245 1409 1296 1437 ait
1318 1419 1378 1446 per
1397 1419 1433 1439 os
1456 1411 1581 1440 David:
1610 1413 1670 1441 ‘In

889 1459 890 1477 ἢ
915 1453 1076 1482 memoria
1088 1455 1225 1483 aeterna
1236 1455 1300 1483 erit
1315 1455 1433 1493 iustus,
1446 1458 1488 1486 ab
1499 1457 1670 1487 auditione

915 1497 1005 1526 mala
1017 1506 1085 1527 non
1100 1499 1251 1529 timebit)

955 1543 1110 1577 Quaestio
1136 1544 1240 1580 igitur
1266 1554 1430 1584 praesens,
1460 1549 1500 1576 de
1528 1558 1594 1585 qua
1620 1549 1670 1577 in-

915 1588 1049 1624 quisitio
1069 1590 1186 1620 sutura
1205 1594 1263 1627 est,
1287 1592 1378 1622 inter
1398 1594 1464 1622 duo
1487 1594 1670 1624 luminaria
1686 1604 1719 1631 35

886 1641 888 1647 ¹
915 1643 1036 1670 magna
1050 1637 1216 1664 versatur:
1240 1637 1431 1667 Romanum
1445 1639 1571 1669 scilicet
1585 1641 1669 1669 Pon-

913 1679 1039 1708 tificem
1079 1684 1112 1710 et
1157 1682 1346 1711 Romanum
1386 1684 1595 1722 Principem;
1635 1688 1668 1714 et

913 1725 1094 1762 quaeritur,
1117 1729 1233 1755 utrum
1260 1729 1443 1758 auctoritas
1468 1730 1668 1760 Monarchae

913 1769 1062 1806 Romani,
1092 1771 1149 1806 qui
1177 1772 1217 1800 de
1244 1772 1317 1801 iure
1345 1773 1526 1803 Menai-cha
1549 1776 1668 1804 mundi

912 1817 971 1851 est,
995 1818 1035 1844 ut
1058 1815 1095 1844 in
1123 1818 1268 1846 secundo
1292 1818 1376 1846 libro
1402 1820 1579 1855 probatum
1607 1824 1666 1859 est,
1684 1829 1724 1855 40

911 1859 1104 1890 immediate
1117 1871 1138 1891 a
1153 1863 1221 1892 Deo
1234 1864 1427 1901 dependeat,
1442 1874 1486 1894 an
1501 1866 1543 1894 ab
1556 1867 1667 1903 aliquo

912 1905 973 1934 Dei
987 1906 1110 1935 vicario
1124 1908 1176 1936 vel
1190 1909 1354 1946 ministro,
1370 1919 1468 1946 quem
1487 1911 1577 1940 Petri
1596 1921 1667 1941 suc-

911 1959 1070 1980 cessorem
1091 1952 1254 1990 intelligo,
1276 1954 1334 1990 qui
1354 1964 1429 1985 vere
1450 1957 1596 1993 claviger
1617 1961 1666 1987 est

911 1997 1005 2032 regni
1019 1997 1192 2029 coelorum.

949 2041 1004 2072 11.
1026 2042 1078 2071 Ad
1092 2047 1298 2079 praesentem
1313 2047 1538 2082 quaestionem
1560 2048 1666 2078 ‹liscu-

910 2086 1069 2124 tiendam‚
1095 2089 1182 2118 sicut
1206 2090 1242 2118 in
1267 2092 1490 2127 superioribus
1517 2096 1567 2122 cst
1595 2103 1666 2129 per-

909 2134 1032 2170 actum,
1048 2133 1182 2169 aliquod
1204 2136 1406 2171 principium
1427 2141 1476 2166 est
1490 2139 1665 2168 adsumen-

910 2178 1000 2213 dum,
1013 2178 1050 2206 in
1060 2178 1184 2208 virtute
1196 2180 1291 2209 cuius
1305 2182 1504 2216 aperiendae
1515 2185 1665 2213 veritatis

909 2226 1107 2259 argumenta
1120 2224 1314 2256 formentur.
1339 2227 1423 2256 Nam
1435 2228 1507 2257 sine
1521 2230 1665 2264 praefixo
1682 2237 1697 2263 5

909 2269 1081 2305 principie,
1107 2270 1209 2299 etiam
1234 2281 1313 2300 vera
1335 2273 1486 2310 dicendo,
1514 2274 1663 2305 laborare

909 2314 990 2350 quid
1011 2316 1167 2351 prodest?
1201 2326 1303 2352 quum
1326 2318 1528 2356 principium
1555 2321 1663 2349 solum

910 2360 1188 2390 adsumendorum
1202 2362 1386 2391 mediorum
1400 2363 1444 2393 sit
1458 2365 1561 2396 radix.

948 2404 1039 2433 Haec
1059 2404 1163 2441 igitur
1177 2406 1415 2443 irrefragabilis
1434 2409 1557 2438 veritas
1571 2419 1662 2446 prae-

910 2448 1040 2486 figatur,
1056 2451 1183 2481 scilicet
1202 2453 1289 2488 quod
1308 2453 1393 2481 illud
1414 2454 1501 2489 quod
1522 2458 1661 2483 naturae
1684 2466 1717 2484 10

883 2529 886 2535 ι
909 2494 1090 2523 intentioni
1105 2499 1278 2534 repugnat,
1296 2498 1384 2527 Deus
1399 2498 1492 2527 nolit.
1538 2500 1622 2528 Num
1633 2500 1661 2528 si
