1780 2820
459 151 532 188 DE
561 147 926 187 MONARCHIA:
964 147 991 184 Ι.
1019 148 1235 184 emas—11.

82 273 151 294 esse
161 274 230 294 non
244 266 360 302 potest,
379 264 444 293 nisi
463 263 597 300 quando
610 261 672 291 uni
686 260 835 297 Principi

82 310 231 340 totaliter
250 310 407 346 subiacet,
430 311 469 338 ut
490 310 530 338 de
550 317 584 337 se
604 309 704 344 patet.
747 307 834 343 Ergo

81 355 270 385 humanum
284 364 389 392 genus
409 354 471 384 uni
491 352 641 389 Principi
661 352 834 381 subiacens

29 411 67 438 30
80 401 223 438 maxime
250 402 319 430 Deo
345 399 563 435 adsimilatur,
587 400 621 428 et
644 406 703 434 per
724 406 834 426 conse-

80 456 192 484 quens,
221 446 365 476 maxime
397 447 446 475 est
471 446 656 474 secundum
683 444 833 472 divinam

78 492 311 528 intentionem,
327 492 414 529 quod
435 493 485 520 est
506 491 588 520 bene
607 492 640 519 et
660 489 784 525 optime
798 497 832 518 so

78 537 208 575 habere,
224 540 263 567 ut
276 538 313 567 in
326 537 490 574 principio
503 536 604 565 huius
622 534 763 572 capituli
782 537 832 564 est

77 584 262 620 probatum.

116 628 185 659 IX.
201 630 283 665 (XI.)
302 630 389 658 Item
403 629 486 657 bene
498 629 531 657 et
545 627 669 664 optime
683 636 716 656 se
730 627 831 655 habet

76 674 184 704 omnis
225 674 323 710 filius,
367 683 471 710 quum
511 673 653 710 vestigia
691 672 831 708 perfecti

75 719 190 756 patris,
215 719 252 747 in
276 720 441 755 quantum
463 718 597 754 propria
617 719 742 746 natura
760 726 831 752 per-

77 764 194 801 mittit,
207 764 368 793 imitatur.
411 764 607 792 Humanum
621 771 726 800 genus
741 763 831 792 filius

11 836 13 838 .
45 818 64 846 5
77 811 127 838 est
141 809 231 846 coeli,
244 809 333 846 quod
343 811 394 838 est
403 809 681 845 perfectissimum
691 808 728 836 in
739 809 831 837 omni

77 863 174 890 opere
186 863 262 891 suo;
284 857 421 891 generat
435 854 527 884 enim
547 855 646 882 homo
660 854 830 882 hominem

66 903 110 936 ⁴et
118 901 177 937 sol,
185 900 281 930 iuxta
291 901 475 930 secundum
485 901 524 930 de
535 900 692 929 Naturali
700 900 827 930 auditu.

76 946 163 983 Ergo
182 947 306 982 optime
326 955 361 976 se
383 947 484 976 habet
505 946 694 976 humanum
715 955 828 983 genus,

77 1001 180 1028 quum
193 993 335 1029 vestigia
348 993 439 1029 coeli,
454 993 490 1021 in
511 994 676 1028 quantum
696 993 830 1028 propria

27 1050 62 1070 ιο
77 1040 201 1068 natura
233 1038 407 1075 permittit,
436 1038 598 1068 imitatur.
654 1039 698 1067 Et
726 1047 828 1074 quum

77 1085 205 1114 coelum
219 1087 328 1114 totum
346 1085 448 1114 unico
468 1086 571 1121 motu,
587 1085 713 1114 scilicet
727 1086 827 1121 primi

75 1131 214 1167 mobilis,
237 1132 271 1160 et
294 1131 394 1159 unico
417 1132 554 1167 motore,
577 1131 635 1167 qui
656 1131 744 1160 Deus
768 1134 826 1168 est,

74 1176 246 1213 regulatur
259 1177 295 1206 in
309 1178 462 1206 omnibus
475 1177 543 1206 suis
556 1178 716 1214 partibus,
733 1178 828 1207 moti-

74 1222 135 1251 bus
155 1225 188 1251 et
208 1223 398 1260 motoribus,
420 1225 459 1252 ut
479 1223 743 1260 philosophando
763 1224 827 1253 evi-

26 1274 59 1302 15
75 1268 269 1298 (lentissime
295 1268 446 1298 humana
474 1269 561 1298 ratio
587 1269 826 1307 deprehendit;

74 1313 103 1342 si
116 1323 192 1343 vere
205 1314 437 1351 syllogizatum
452 1317 510 1351 est,
521 1315 709 1344 humanum
723 1325 826 1352 genus

74 1362 157 1388 tunc
179 1361 302 1396 optime
325 1369 359 1390 se
380 1361 489 1397 habet,
510 1362 643 1397 quando
663 1362 704 1390 ab
725 1362 826 1390 unico

75 1405 228 1442 Principe
253 1409 416 1442 tanquam
443 1407 485 1435 ab
508 1406 607 1435 unico
634 1408 769 1443 motore,
793 1410 826 1436 et

73 1450 175 1479 unica
194 1451 275 1488 lege,
297 1453 460 1487 tanquam
480 1452 523 1480 ab
544 1452 644 1480 unico
663 1454 768 1489 motu,
788 1453 825 1481 in

20 1504 57 1524 ου
72 1496 141 1526 suis
173 1497 355 1526 motoribus
394 1499 427 1526 et
466 1497 611 1526 motibus
644 1498 823 1534 reguletur.

72 1543 212 1579 Propter
243 1545 330 1579 quod
357 1543 579 1572 necessarium
607 1545 753 1581 apparet,
781 1546 825 1574 ad

71 1588 154 1617 bene
174 1597 243 1618 esse
263 1589 391 1625 mundi,
412 1589 642 1618 Monarchiam
663 1598 741 1627 esse,
756 1590 825 1620 sive

71 1633 210 1663 unicum
231 1634 473 1670 Principatum,
489 1634 546 1671 qui
568 1635 751 1671 Imperium
770 1645 825 1672 ap-

71 1679 223 1714 pellatur.
292 1680 387 1708 Hanc
429 1680 596 1709 rationem
635 1680 824 1717 suspirabat

22 1732 57 1760 25
72 1723 216 1761 Boetius,
232 1725 346 1754 dicens
359 1736 367 1754 t

173 1788 180 1802 ¹
192 1787 218 1816 Ο
229 1787 309 1817 felix
322 1788 498 1818 hominum
511 1797 624 1825 genus,

191 1834 226 1862 Si
239 1836 364 1863 vestros
377 1834 508 1863 animos
521 1843 624 1871 amor,

190 1879 262 1913 Quo
275 1879 404 1908 coelum
419 1880 555 1916 regitur,
573 1882 666 1916 regat
677 1881 700 1908 !'

113 1945 158 1975 X.
174 1946 276 1982 (XII.)
296 1946 503 1983 Ubicumque
528 1949 638 1983 potest
664 1956 731 1976 esse
757 1948 823 1976 liti-

73 1991 175 2028 gium,
186 1991 232 2020 ibi
246 1992 342 2020 debet
356 2000 424 2021 esse
434 1992 611 2028 iudicium3
626 1992 725 2020 aliter
739 1996 823 2022 erset

74 2036 308 2072 imperfectum
318 2036 391 2066 sine
400 2037 532 2073 proprio
539 2037 727 2074 perfectivo,
736 2040 823 2074 quod

75 2083 125 2110 est
143 2081 354 2118 impossibile,
369 2091 472 2118 quum
492 2083 579 2111 Deus
595 2085 628 2110 et
643 2082 773 2112 Natura
786 2083 821 2112 in

42 2135 60 2163 5
74 2127 267 2155 necessariis
292 2136 361 2156 non
389 2127 531 2157 deficiat.
587 2128 683 2156 Inter
709 2138 823 2158 omnes

74 2173 156 2200 duos
203 2172 379 2208 principes,
421 2181 561 2208 quorum
600 2173 687 2202 alter
725 2174 823 2203 alteri

72 2217 213 2246 minime
239 2218 406 2246 subiectus
432 2219 491 2254 est,
526 2220 633 2254 potest
661 2227 729 2248 esse
756 2220 823 2248 liti-

71 2262 172 2299 gium,
188 2263 241 2291 vel
261 2262 360 2299 culpa
379 2262 534 2299 ipsorum,
555 2264 607 2293 vel
627 2264 729 2292 etiam
749 2266 822 2294 sub-

71 2307 227 2344 ditorum,
253 2309 339 2344 quod
361 2309 401 2338 de
423 2317 457 2338 se
482 2311 581 2344 patet.
625 2309 711 2346 Ergo
733 2310 823 2338 inter

22 2363 56 2383 ιο
71 2353 157 2382 tales
183 2356 313 2389 oportet
340 2363 407 2383 esse
434 2354 603 2384 iudicium.
647 2355 690 2383 Et
718 2365 822 2391 quum

72 2398 159 2427 alter
172 2399 213 2427 de
229 2399 335 2427 altero
353 2408 546 2436 cognoscere
567 2409 634 2429 non
654 2401 765 2437 possit,
782 2410 821 2430 cx

71 2453 136 2480 quo
161 2444 246 2472 alter
265 2444 363 2473 alteri
382 2453 449 2473 non
473 2445 627 2474 subditur
649 2448 740 2481 (nam
762 2456 822 2482 par

70 2489 107 2518 in
127 2498 240 2525 parem
261 2498 328 2518 non
349 2489 450 2519 habet
470 2490 670 2527 imperium);
692 2494 821 2528 oportet

74 2543 142 2564 esse
157 2535 297 2564 tertium
312 2535 551 2565 iurisdictionis
570 2537 748 2574 amphoris,
763 2538 821 2574 qui

1569 160 1640 196 345

886 259 1016 288 ambitu
1042 259 1095 288 sui
1123 259 1206 288 iuris
1233 260 1391 288 ambobus
1422 259 1639 295 principetur.
1662 267 1691 293 15

886 305 930 333 Et
949 305 1005 334 hic
1026 307 1085 334 aut
1106 305 1171 334 erit
1193 305 1384 342 Monarcha,
1407 306 1466 334 aut
1486 314 1562 335 non.
1606 305 1642 334 Si

885 351 942 387 sic,
958 352 1101 381 habetur
1119 352 1342 388 propositum3
1370 352 1398 381 si
1417 361 1494 388 non,
1517 352 1638 381 iterum

885 397 1020 426 habebit
1044 397 1107 426 sibi
1127 397 1337 433 coaequalem
1359 399 1455 426 extra
1476 397 1641 426 ambitum

885 452 963 472 suae
983 442 1244 479 iurisdictionis;
1276 444 1359 471 tunc
1384 442 1508 471 iterum
1531 451 1641 471 neces-

884 488 991 517 sarius
1006 488 1071 517 erit
1084 488 1205 517 tertius
1224 488 1318 518 alius.
1363 488 1407 516 Et
1428 488 1475 517 sic
1496 489 1556 517 aut
1575 488 1639 517 erit
1657 498 1694 516 ιο

883 542 1053 570 processus
1080 533 1117 562 in
1145 533 1329 570 infinitum,
1358 534 1446 569 quod.
1474 542 1542 562 esse
1571 543 1639 562 nou

883 581 992 615 potest
1004 590 1010 616 ;
1025 581 1085 608 aut
1099 579 1263 615 oportebit
1275 578 1431 608 devenire
1440 579 1483 607 ad
1494 579 1639 608 iudicem

882 625 1029 660 primum
1059 627 1093 654 et
1120 633 1297 661 summum,
1327 625 1367 653 de
1395 623 1489 653 cuius
1516 624 1639 652 iudicio

883 672 1006 699 cuncta
1026 670 1137 706 litigia
1164 669 1378 706 dirimantur,
1401 670 1469 699 sive
1495 670 1639 699 mediate

882 716 950 745 sive
974 715 1185 752 immediate;
1217 718 1250 744 et
1277 715 1333 744 hic
1358 715 1423 744 erit
1444 716 1637 753 Monarcha‚
1656 727 1690 753 ²5

882 759 950 789 sive
978 760 1170 795 Imperator.
1222 760 1283 788 Est
1310 759 1415 796 igitur
1442 760 1639 788 Monarchia

882 805 1068 834 necessaria
1093 806 1228 835 mund0.
1282 805 1325 834 Et
1352 806 1441 835 hanc
1473 806 1638 834 rationem

883 852 1017 880 videbat
1067 851 1296 887 Philosophus,
1340 860 1443 888 quum
1485 851 1638 880 dicebat:

882 898 985 926 Entia
1025 897 1148 926 nolunt
1188 898 1276 926 male
1319 897 1467 934 disponi;
1509 897 1638 926 malum

882 944 996 972 autem
1035 942 1213 979 pluralitas
1253 942 1513 979 principatuum,
1550 951 1637 971 unus
1655 953 1692 979 30

881 998 958 1025 ergo
979 988 1144 1024 Princeps.

920 1033 990 1064 XI.
1005 1034 1127 1070 (XIII.)
1147 1034 1332 1070 Praeterea,
1347 1035 1495 1063 mundus
1514 1034 1637 1070 optime

880 1080 1058 1116 dispositus
1064 1081 1122 1116 est,
1131 1089 1234 1116 quum
1241 1079 1370 1108 iustitia
1377 1080 1413 1108 in
1422 1089 1459 1109 eo
1465 1080 1639 1116 potissima

880 1128 947 1162 cst;
976 1126 1066 1154 unde
1086 1124 1248 1161 Virgilius
1268 1126 1499 1154 commendare
1522 1125 1636 1154 volens

879 1171 965 1199 illud
978 1170 1156 1207 saeculum,
1170 1171 1256 1207 quod
1267 1179 1326 1199 suo
1340 1172 1487 1206 tempore
1502 1179 1636 1207 surgere

880 1217 1062 1253 videbatur,
1078 1216 1115 1245 in
1132 1216 1200 1245 suis
1215 1215 1382 1245 Bucolicis
1396 1217 1554 1246 cantabat
1569 1227 1576 1246 :
1651 1224 1668 1251 5

921 1288 1011 1317 ‘Iam
1033 1287 1119 1316 redit
1139 1290 1172 1316 et
1187 1287 1296 1324 Virgo,
1320 1288 1462 1317 redeunt
1477 1288 1636 1317 Saturnia

996 1335 1117 1370 regna!

879 1403 977 1440 Virgo
998 1411 1142 1438 namque
1162 1403 1343 1432 vocabatur
1365 1402 1509 1439 Iustitia,
1532 1412 1632 1439 quam

877 1449 979 1478 ctiam
1019 1449 1196 1478 Astraeam
1236 1449 1408 1478 vocabant.
1472 1449 1633 1477 Saturnia

877 1503 980 1531 regna
1013 1494 1169 1523 dicebant
1202 1494 1329 1529 optima
1361 1495 1519 1531 tempora,
1549 1503 1632 1530 quae

876 1540 979 1568 etiam
1003 1548 1106 1569 aurea
1128 1540 1379 1575 nuncupabant.
1421 1539 1557 1568 Iustitia
1579 1549 1634 1576 po·
1654 1546 1687 1564 ¹0

875 1585 1006 1614 tissima
1033 1586 1082 1614 est
1105 1585 1214 1614 solum
1241 1585 1302 1613 sub
1331 1585 1531 1622 Monarcha;
1556 1594 1633 1620 ergo

875 1632 918 1659 ad
929 1631 1090 1667 optimam
1098 1631 1218 1660 mundi
1232 1631 1480 1667 dispositionem
1494 1631 1633 1668 requiri-

876 1679 934 1706 tur
947 1686 1016 1706 esse
1031 1677 1262 1707 Monarchiam
1275 1677 1344 1706 sive
1359 1677 1551 1713 Imperium.

915 1723 967 1752 Ad
995 1723 1199 1752 evidentiam
1231 1723 1490 1758 subadsumptae
1527 1722 1631 1752 scien-

876 1769 957 1797 dum
985 1769 1072 1804 quod
1099 1768 1230 1797 iustitia
1253 1769 1294 1797 de
1317 1777 1351 1797 se
1376 1770 1410 1797 et
1434 1768 1471 1796 in
1497 1768 1632 1804 propria
1653 1772 1682 1799 ¹5

876 1816 999 1843 natura
1005 1813 1224 1850 considerata,
1233 1815 1283 1842 est
1292 1814 1455 1849 quaedam
1465 1813 1631 1842 rectitudo

875 1860 944 1889 sive
955 1860 1080 1896 regula,
1091 1859 1263 1895 obliquum
1277 1859 1359 1888 hinc
1374 1859 1452 1888 inde
1466 1859 1626 1896 abiciens;

875 1907 909 1934 et
923 1905 970 1934 sic
984 1914 1052 1934 non
1072 1904 1192 1940 recipit
1211 1904 1317 1940 magis
1332 1906 1365 1933 et
1379 1904 1501 1941 minus,
1518 1914 1629 1941 quem-

875 1951 1056 1979 admodum
1084 1951 1201 1979 albedo
1222 1950 1259 1978 in
1283 1959 1342 1979 suo
1365 1951 1532 1978 abstracto
1553 1959 1629 1979 con-

874 1995 1028 2026 siderata.
1071 1997 1158 2025 Sunt
1178 1995 1269 2024 enim
1290 1995 1482 2024 huiusmodi
1502 1996 1628 2025 formae
1646 2003 1683 2021 20

875 2042 1038 2076 quaedam
1066 2040 1299 2077 compositioni
1327 2041 1568 2079 contingentes,
1594 2044 1628 2071 et

875 2086 1092 2115 consistentes
1105 2086 1251 2122 simplici
1265 2088 1298 2114 et
1311 2086 1502 2115 invariabili
1523 2096 1629 2116 essen-

874 2130 931 2167 tia,
954 2132 993 2159 ut
1018 2131 1176 2166 Magister
1196 2139 1253 2159 sex
1276 2131 1518 2167 principiorum
1539 2135 1628 2161 recte

874 2176 940 2212 ait;
975 2176 1144 2212 recipiunt
1178 2178 1292 2205 tamen
1319 2177 1426 2213 magis
1456 2179 1490 2206 et
1517 2178 1629 2206 minus

874 2221 1067 2250 huiusmodi
1089 2222 1270 2258 qualitates
1293 2231 1333 2250 ex
1353 2224 1447 2258 parte
1469 2223 1629 2252 subiecto·
1646 2233 1679 2259 25

874 2275 959 2302 rum,
990 2267 1112 2303 quibus
1146 2269 1408 2303 eonaernuntur,
1443 2269 1628 2296 secundum

874 2312 961 2347 quod
990 2312 1096 2348 magis
1124 2314 1157 2340 et
1184 2311 1298 2340 minus
1325 2312 1361 2341 in
1395 2313 1553 2342 subiectis
1588 2315 1628 2342 de

874 2357 1052 2386 contrariis
1079 2357 1292 2387 admiscetur.
1335 2358 1400 2386 Ubi
1427 2367 1505 2394 ergo
1531 2359 1629 2388 mini-

875 2411 969 2431 mum
991 2403 1032 2432 de
1053 2403 1221 2432 contrario
1242 2403 1389 2432 iustitiae
1412 2404 1626 2441 admiscetur,

874 2450 908 2476 et
929 2449 1095 2484 quantum
1117 2448 1159 2476 ad
1179 2448 1334 2477 habitum
1351 2451 1384 2478 et
1400 2451 1565 2484 quantum
1585 2451 1627 2479 ad
1646 2458 1682 2483 30

873 2493 1110 2530 operationem,
1137 2493 1182 2522 ibi
1212 2493 1343 2523 iustitia
1369 2495 1542 2530 potissima
1568 2498 1625 2525 est.

873 2539 916 2567 Et
950 2548 1025 2567 vere
1058 2541 1140 2567 tune
1174 2541 1282 2574 potest
1316 2539 1382 2567 dici
1416 2541 1457 2569 «le
1491 2540 1559 2576 illa,
1589 2544 1627 2570 ut
