1780 2820
156 143 228 180 352

157 243 246 273 nihil
266 246 316 273 est
337 243 429 272 aliud
451 251 553 279 quam
574 241 757 270 similitudo
778 239 912 269 divinae

102 302 140 329 50
156 289 350 318 voluntatis.
412 288 509 317 Unde
543 287 582 315 fit
622 286 708 323 quod
749 285 912 322 quidquid

156 335 290 364 divinae
314 333 482 363 voluntati
508 342 577 362 non
605 333 773 368 consonat,
803 331 912 367 ipsum

155 380 208 409 ius
227 388 297 410 esse
310 389 379 408 non
394 378 513 415 possit;
542 379 576 407 et
596 376 758 414 quidquid
779 376 912 405 divinae

157 425 326 455 voluntati
355 426 404 453 est
428 432 620 459 consonum,
644 422 696 451 ius
724 422 833 458 ipsum
858 421 910 451 sit.

157 473 366 508 Quapropter
406 479 562 506 quaerere
602 470 718 497 utrum
759 469 800 497 de
840 467 912 497 iure

105 526 141 554 55
156 517 285 546 factum
306 517 350 546 sit
371 515 507 552 aliquid,
529 515 610 543 licet
630 514 697 543 alia
709 514 811 543 verba
830 513 910 550 sint,

157 562 249 591 nihil
261 563 374 590 tamen
389 560 481 589 aliud
495 559 669 596 quaeritur
683 569 783 596 quam
796 561 912 588 utrum

156 608 285 637 factum
312 607 355 636 sit
382 607 565 635 secundum
593 607 680 642 quod
709 606 798 634 Deus
827 605 910 634 vult.

159 653 229 682 Hoc
258 662 333 690 ergo
361 653 568 688 supponatur
596 652 683 687 quod
710 650 796 679 illud
824 651 911 686 quod

157 701 245 729 Deus
274 699 309 727 in
337 697 511 726 hominum
536 697 692 726 societate
718 697 801 733 vult,
826 696 911 725 illud

102 748 142 776 60
156 754 216 781 pro
239 754 316 773 vero
340 745 439 779 atque
466 743 595 772 sincero
622 742 694 771 iure
719 742 912 770 habendum

157 790 211 820 sit.

199 836 373 864 Praeterea
395 834 586 863 meminisse
606 835 735 869 oportet
756 833 853 869 quod,
873 834 912 861 ut

160 880 381 916 Philosophus
416 881 511 909 docet
538 879 574 908 in
602 879 720 916 primis
748 879 790 906 ad
818 878 913 906 Nico-

159 926 332 955 machum:
349 926 438 954 ‘Non
452 925 607 954 similiter
620 924 655 952 in
667 923 758 952 omni
772 923 914 952 materia

107 978 142 1011 65
160 971 324 1000 certitudo
352 970 543 1007 quaerenda
566 971 624 1006 est,
648 970 705 997 sed
730 970 914 997 secundum

160 1017 247 1053 quod
261 1018 385 1045 natura
399 1015 447 1044 rei
462 1015 629 1044 subiectae
643 1014 782 1049 recipit!
817 1013 914 1049 Prop-

159 1064 211 1091 ter
236 1062 322 1098 quod
344 1061 546 1090 sufficienter
566 1062 764 1095 argumenta
783 1059 844 1087 sub
866 1059 915 1087 in-

160 1110 259 1137 vento
269 1107 432 1143 principio
442 1107 630 1142 procedent,
639 1105 666 1134 si
676 1115 715 1134 ex
726 1104 915 1133 manifestis

160 1154 263 1190 signis
278 1156 378 1189 atque
392 1152 580 1189 sapientum
595 1151 849 1180 auctoritatibus
863 1150 915 1180 ius

109 1213 144 1239 70
160 1199 253 1229 illius
267 1199 380 1236 populi
391 1198 525 1235 gloriosi
536 1199 723 1234 quaeratur.
750 1197 915 1226 Voluntas

161 1246 296 1282 quidem
331 1244 392 1274 Dei
419 1253 478 1280 per
504 1252 537 1272 se
565 1243 743 1272 invisibilis
771 1244 828 1279 est,
858 1243 915 1271 sed

160 1290 343 1320 invisibilia
366 1290 437 1326 Dei,
462 1299 521 1325 per
542 1298 581 1318 ea
605 1297 688 1325 quae
711 1289 801 1317 facta
825 1290 914 1325 sunt,

161 1336 335 1365 intellecta
362 1335 619 1372 conspiciuntur.
675 1335 762 1363 Nam
786 1335 916 1363 occulto

162 1382 324 1411 existente
351 1381 468 1418 sigillo,
498 1390 574 1410 cera
600 1380 759 1416 impressa
785 1381 826 1409 de
856 1380 916 1408 illo

112 1439 144 1466 75
162 1428 312 1464 quamvis
339 1427 467 1456 occulto
501 1427 607 1455 tradit
629 1426 785 1454 notitiam
809 1426 915 1454 mani-

162 1473 298 1502 festam:
334 1482 395 1501 nec
420 1472 552 1508 mirum,
576 1472 604 1501 si
625 1471 740 1501 divina
759 1472 915 1500 voluntas

161 1528 220 1555 per
247 1519 343 1556 signa
370 1519 558 1554 quaerenda.
582 1519 648 1553 est;
681 1526 784 1554 quum
811 1517 914 1545 etiam

162 1564 312 1593 humana
326 1565 420 1593 extra
433 1564 599 1592 volentem
613 1572 681 1591 non
701 1563 800 1591 aliter
814 1572 914 1599 quam

162 1619 221 1645 per
235 1610 331 1646 signa
345 1611 510 1639 cernatur.

202 1654 277 1684 111.
301 1655 382 1683 Dico
402 1654 506 1691 igitur
525 1655 568 1683 ad
588 1654 814 1690 quaestionem
828 1655 915 1690 quod

164 1701 335 1729 Romanus
344 1700 484 1736 populus
493 1701 532 1728 de
544 1700 624 1736 iure,
632 1709 700 1728 non
711 1701 914 1736 usurpando,

165 1746 364 1774 Monarehae
379 1745 532 1781 officium,
544 1747 631 1781 quod
641 1746 823 1781 Imperium
837 1745 916 1774 dici-

163 1794 229 1827 tur,
253 1791 315 1820 sibi
339 1800 437 1827 super
455 1792 612 1819 mortales
632 1799 745 1820 omnes
765 1791 915 1820 adscivit.
943 1809 945 1831 i

130 1850 147 1876 5
165 1838 258 1871 Quod
272 1837 407 1873 quidem
420 1837 528 1873 primo
548 1837 595 1865 sie
614 1838 783 1872 probatur.
820 1836 918 1865 Nobi—

163 1882 290 1911 lissimo
318 1883 438 1919 populo
466 1883 621 1911 convenit
654 1882 809 1911 omnibus
842 1882 918 1910 aliis

164 1928 324 1963 praeferri
338 1939 345 1956 ι
366 1929 534 1956 Romanus
548 1928 688 1963 populus
701 1927 767 1955 fuit
786 1926 919 1955 nobilis-

165 1973 287 2010 simus3
321 1982 398 2008 ergo
423 1973 578 2001 convenit
608 1973 639 2002 ei
665 1972 740 2001 aliis
764 1972 918 2001 omnibus

165 2018 332 2054 praeferri.
375 2018 562 2054 Adsumpta
582 2018 713 2046 ratione
737 2019 919 2053 probatur:

115 2075 148 2093 ιο
166 2073 246 2092 nam
260 2073 364 2100 quum
384 2063 490 2091 honor
509 2063 553 2092 sit
572 2063 758 2099 praemium
770 2063 917 2099 virtutis,

166 2110 199 2138 et
213 2109 320 2138 omnis
334 2109 496 2145 praelatio
509 2109 553 2137 sit
568 2109 683 2145 honor,
699 2109 808 2138 omnis
827 2119 919 2146 prae-

165 2154 247 2183 latio
262 2154 397 2183 virtutis
411 2156 461 2183 est
476 2154 668 2190 praemium.
709 2154 773 2183 Sed
787 2156 919 2183 constat

166 2201 255 2237 quod
288 2200 406 2229 merito
440 2200 575 2229 virtutis
608 2200 831 2229 nobilitantur
863 2200 920 2229 ho-

166 2246 296 2275 mines:
330 2245 466 2274 virtutis
493 2245 649 2274 videlicet
677 2245 837 2282 propriae,
866 2246 920 2275 vel

119 2300 149 2328 15
167 2292 339 2321 maiorum.
383 2291 444 2320 Est
469 2291 559 2320 enim
580 2291 739 2320 nobih'tas
759 2291 866 2320 virtus
887 2293 920 2320 et

168 2337 305 2366 divitiae
324 2337 491 2374 antiquae,
508 2337 603 2366 iuxta
624 2337 863 2372 Philosophum
884 2337 920 2365 in

170 2383 326 2419 Politieis,
344 2384 377 2411 et
391 2383 486 2411 iuxta
498 2382 691 2411 Iuvenalem
706 2393 712 2411 ι

209 2467 216 2482 ‘
232 2466 396 2495 Nobilitas
416 2465 522 2494 animi
542 2466 610 2495 sola
630 2467 679 2495 est
699 2468 798 2503 atque
820 2466 920 2495 unica

285 2511 412 2541 virtus)

548 128 619 165 DE
649 127 1017 165 MONARCHIA:
1056 127 1106 164 ΙΙ.
1133 128 1227 164 CAP.
1253 139 1288 172 2,
1305 139 1340 174 3.

966 241 1055 275 Quae
1069 241 1154 270 duae
1169 240 1355 269 sententiae
1369 241 1410 269 ad
1431 241 1514 270 duas
1528 241 1719 271 nobilitates

965 287 1109 315 dantur:
1131 286 1297 323 propriam
1311 285 1447 322 seilicet,
1463 288 1496 315 et
1511 286 1682 317 maiorum.
1736 296 1771 315 20

1006 332 1092 368 Ergo
1116 331 1291 367 nobilibus,
1317 331 1447 360 ratione
1472 341 1598 368 causac,
1627 341 1718 369 prae-

969 377 1075 406 mium
1101 377 1318 413 praelationis
1344 376 1547 406 conveniens
1574 380 1632 407 est.
1674 378 1718 406 Et

966 432 1068 459 quum
1082 423 1230 458 praemia
1249 422 1319 451 sint
1338 422 1465 452 meritis
1484 423 1716 459 mensuranda,

965 468 1060 498 iuxta
1081 469 1167 498 illud
1189 469 1436 505 Evangelicum,
1464 469 1607 498 ‘Eadem
1628 478 1719 498 men-

964 523 1043 544 sura
1083 523 1150 551 qua
1192 515 1299 543 mensi
1339 515 1481 551 fueritis,
1523 515 1719 544 remetietur
1736 524 1770 551 ²5

965 560 1057 589 vobis
1069 561 1093 589 ':
1114 561 1258 589 maxime
1278 560 1391 596 nobili,
1412 560 1555 588 maxime
1570 569 1719 596 praeesse

965 606 1131 636 convenit.
1193 607 1472 641 Subadsumptam
1511 615 1588 635 vero
1629 606 1719 635 testi-

965 650 1077 679 monia
1090 652 1241 680 veterum
1254 651 1468 686 persuadent;
1490 659 1569 679 nam
1584 651 1719 680 divinus

965 698 1062 732 poeta
1081 698 1195 725 noster
1209 696 1377 732 Virgilius,
1398 705 1457 732 per
1476 698 1581 725 totam
1601 696 1718 726 Aenei-

965 743 1051 778 dem,
1073 742 1251 778 gloriosum
1273 750 1383 777 regem
1407 742 1564 777 Aeneam,
1587 746 1717 777 patrem
1734 753 1772 778 30

967 788 1108 817 Romani
1133 787 1247 824 populi
1274 788 1374 816 fuisse
1402 782 1563 816 test-‘itur'
1582 788 1617 816 in
1652 798 1718 818 me-

966 834 1106 863 moriam
1113 833 1356 869 sempiternam.
1384 833 1476 866 Quod
1488 834 1582 862 Titus
1594 834 1716 871 Livius,

967 882 1133 916 gestorum
1147 880 1373 908 Romanorum
1387 879 1494 908 scriba
1507 880 1666 916 egregius,
1682 881 1717 909 in

967 925 1077 961 prima
1095 926 1190 961 parte
1209 924 1262 953 sui
1275 924 1463 960 voluminis,
1479 934 1562 961 quae
1581 934 1602 954 a
1621 928 1719 961 capta

967 971 1063 999 Troia
1076 971 1179 999 sumit
1198 970 1379 1005 exordium,
1395 972 1611 1000 contestatur.
1655 971 1718 1005 Qui
1737 979 1771 1007 35

968 1017 1102 1053 quidem
1140 1015 1381 1044 invictissimus
1417 1017 1516 1051 atoue
1551 1015 1719 1051 piissimus

968 1064 1071 1098 pater,
1088 1063 1232 1098 quantae
1253 1060 1440 1089 nobilitatis
1453 1061 1506 1088 vir
1524 1061 1634 1097 fuerit,
1651 1071 1718 1091 non

968 1108 1075 1137 solum
1100 1116 1160 1137 sua
1182 1106 1392 1136 considerata
1413 1106 1547 1143 virtute,
1569 1107 1625 1135 sed
1648 1116 1720 1143 pro-

968 1154 1156 1190 genitorum
1165 1162 1300 1182 suorum
1311 1154 1411 1189 atque
1419 1162 1570 1189 uxorum,
1578 1162 1719 1188 quorum

968 1202 1185 1236 utrorumque
1198 1199 1355 1228 nobilitas
1368 1199 1570 1228 hereditario
1590 1199 1662 1228 iure
1682 1199 1718 1228 in
1734 1205 1774 1232 40

968 1246 1077 1281 ipsum
1095 1245 1266 1280 confluxit,
1282 1244 1446 1280 explicare
1466 1244 1647 1281 nequirem,
1662 1245 1719 1274 sed

967 1300 1098 1320 summa
1111 1300 1230 1327 sequar
1242 1290 1381 1327 vestigia
1393 1299 1513 1319 rerum.

1009 1337 1181 1370 Quantum
1195 1345 1272 1372 ergo
1285 1337 1327 1364 ad
1342 1335 1509 1372 propriam
1522 1336 1593 1365 eius
1604 1336 1721 1365 nobili-

968 1384 1082 1418 tatem,
1099 1381 1285 1411 audiendus
1300 1383 1349 1411 est
1368 1382 1469 1410 Poeta
1482 1384 1602 1418 noster,
1618 1382 1721 1411 intro-

969 1429 1093 1456 ducens
1107 1427 1143 1455 in
1157 1427 1264 1463 primo
1278 1427 1443 1456 Ilioneum
1458 1429 1611 1456 orantem
1625 1428 1673 1457 sic
1685 1439 1692 1456 ε
1738 1435 1775 1465 45

991 1488 998 1502 ‘
1010 1488 1079 1516 Rex
1094 1489 1166 1516 erat
1176 1487 1303 1516 Aeneas
1316 1487 1419 1523 nobis,
1430 1497 1494 1522 quo
1509 1487 1626 1517 iustior
1636 1489 1723 1517 alter

1007 1533 1075 1561 Nec
1104 1532 1227 1568 pietate
1257 1532 1331 1568 fuit,
1357 1542 1418 1561 nec
1445 1533 1529 1562 bello
1560 1533 1668 1563 maior
1688 1537 1722 1563 et

1085 1578 1207 1608 armis!

967 1636 1164 1665 Audiendus
1184 1637 1234 1665 est
1253 1636 1341 1664 idem
1362 1636 1398 1664 in
1418 1638 1518 1673 sexto,
1541 1637 1599 1672 qui
1618 1647 1721 1673 quum

969 1683 1010 1710 de
1024 1681 1151 1710 Miseno
1169 1684 1300 1710 mortuo
1318 1681 1516 1718 loqueretur,
1533 1682 1591 1718 qui
1611 1683 1722 1712 fuerat

943 1748 944 1753 ,
970 1726 1121 1756 Hectoris
1135 1727 1287 1755 minister
1301 1727 1336 1755 in
1351 1727 1445 1763 bello,
1457 1729 1490 1755 et
1498 1729 1572 1763 post
1581 1730 1721 1758 mortem
1738 1735 1775 1762 50

970 1772 1129 1808 Hectoris,
1153 1772 1282 1800 Aeneae
1304 1772 1499 1800 ministrum
1519 1782 1552 1801 se
1574 1774 1720 1810 dederat,

971 1817 1054 1846 dicit
1095 1817 1206 1852 ipsum
1240 1817 1407 1846 Misenum
1443 1818 1450 1832 ‘
1461 1827 1530 1846 non
1563 1819 1724 1847 inferiora

971 1863 1168 1898 sequntum‚’
1208 1862 1489 1898 comparationem
1521 1863 1649 1892 faciens
1682 1865 1723 1893 de

971 1908 1084 1937 Aenea
1097 1909 1140 1937 ad
1156 1909 1341 1944 Hectorem,
1357 1917 1456 1944 quem
1476 1917 1554 1944 prae
1568 1909 1723 1938 omnibus

971 1954 1136 1982 Homerus
1149 1953 1322 1990 glorificat,
1337 1955 1376 1982 ut
1390 1953 1493 1982 refert
1506 1954 1724 1990 Philosophus
1738 1961 1775 1991 55

971 1999 1008 2027 in
1041 1999 1084 2027 iis
1114 2008 1198 2035 quae
1226 2000 1266 2027 de
1301 1999 1448 2027 moribus
1482 1999 1649 2035 fugiendis
1681 2000 1724 2028 ad

971 2045 1219 2073 Nicomachum.

1013 2091 1186 2124 Quantum
1206 2100 1283 2119 vero
1303 2090 1346 2118 ad
1366 2089 1611 2127 hereditariam,
1627 2100 1724 2127 quae-

972 2135 1054 2164 libet
1068 2144 1145 2171 pars
1159 2135 1323 2171 tripartiti
1341 2135 1430 2164 orbis
1446 2137 1517 2163 tam
1537 2136 1608 2164 avis
1622 2145 1723 2172 quam

972 2180 1169 2217 coniugibus
1181 2181 1279 2209 illum
1293 2181 1485 2209 nobilitasse
1498 2180 1679 2211 invenitur.
1740 2178 1780 2208 6⁰1

1012 2226 1098 2254 Nam
1132 2225 1210 2254 Asia
1249 2226 1538 2262 propinquioribus
1571 2227 1650 2263 avis,
1685 2229 1724 2256 ut

974 2270 1134 2299 Assaraco
1153 2271 1187 2298 et
1206 2270 1282 2299 aliis
1301 2270 1359 2306 qui
1378 2270 1556 2307 Phrygiam
1570 2279 1725 2307 regnave—

973 2316 1064 2351 runt,
1080 2315 1177 2344 Asiae
1195 2314 1373 2351 regionem,
1389 2316 1479 2343 unde
1499 2317 1597 2350 poeta
1614 2317 1726 2345 noster

972 2360 1008 2388 in
1021 2360 1121 2388 tertio
1136 2370 1142 2388 ε

995 2420 1191 2456 ‘Postquam
1219 2428 1270 2448 res
1297 2420 1394 2449 Asiae
1422 2419 1610 2456 Priamique
1637 2429 1724 2450 ever-
1739 2425 1777 2460 65

1090 2467 1160 2494 tere
1181 2467 1315 2502 gentem

1014 2511 1223 2539 Immeritam
1243 2510 1352 2539 visum
1374 2511 1526 2547 Superis!
