1780 2820
476 123 549 160 DE
578 120 944 159 MONARCHIA:
982 121 1054 158 111.
1081 121 1174 158 CAP.
1199 133 1233 168 3,
1251 134 1284 169 4.

97 239 308 274 asserentem,
343 236 542 267 traditiones
575 234 740 264 Ecclesiae
777 233 854 263 fidei

98 285 366 314 fundamentum.
415 283 509 317 Quod
533 281 667 318 quidem
691 280 786 310 nefas
813 281 854 309 de

98 330 254 366 opinione
267 328 460 358 mortalium
478 327 530 356 illi
548 327 765 356 submoveant
785 325 852 361 qui,

98 378 176 405 ante
196 375 393 405 traditiones
407 372 583 409 Ecclesiae,
599 372 636 401 in
653 371 779 401 Filium
793 371 854 400 Dei

47 421 82 456 65
99 421 278 457 Christum,
292 421 360 450 sive
371 421 552 449 venturum
565 418 633 447 sive
645 419 854 453 praesentem

98 467 166 496 sive
181 466 249 495 iam
262 474 395 502 passum
406 464 630 500 crediderunt,
643 465 676 492 et
691 463 854 491 credendo

98 512 325 548 speraverunt,
360 512 394 539 et
426 511 598 546 sperantes
631 508 771 537 caritate
804 517 854 536 ar-

98 559 224 593 serunt,
250 559 284 586 ct
310 556 466 585 ardentes
493 555 523 583 ei
549 554 724 583 coheredes
750 554 854 582 factos

98 611 167 631 csse
181 602 326 630 mundus
340 610 408 629 non
424 599 565 629 dubitat.

48 657 84 685 7⁰
138 648 183 677 Et
216 649 255 676 ut
287 647 370 675 tales
407 647 448 674 de
481 644 649 682 praesenti
683 644 855 681 gymnasio

98 693 248 722 totaliter
274 692 505 727 excludantur,
535 693 585 720 est
612 691 855 719 advertendum

99 739 187 775 qnod
206 738 369 775 quaedam
388 737 555 772 scriptura
575 738 625 764 est
645 738 724 764 ante
745 736 855 764 Eccle-

99 784 193 821 siam,
219 783 382 820 quaedam
409 791 486 811 cum
510 781 667 818 Ecclesia,
693 782 855 818 quaedam

98 832 173 866 post
187 829 376 859 Ecclesiam.

17 888 19 890 ·
50 886 84 915 75
139 876 228 905 Ante
248 875 382 911 quidem
402 874 586 903 Ecclesiam
607 876 686 902 sunt
707 876 801 902 vetus
823 876 856 902 ct

101 930 225 950 novum
238 921 497 957 Testamentum,
513 921 600 956 quod
617 920 667 948 ‘in
683 922 856 948 aeternum

101 968 299 996 mandatum
310 967 372 995 est'
384 967 424 995 ut
437 966 486 994 ait
498 966 678 1002 Propheta;
693 966 756 994 hoc
767 965 857 994 enim

101 1014 153 1042 est
192 1013 279 1048 quod
321 1011 403 1040 dicit
443 1011 600 1046 Ecclesia,
635 1011 775 1046 loquens
814 1010 857 1039 ad

102 1059 266 1095 Sponsum
279 1068 286 1086 :
307 1059 315 1072 ⁴
325 1057 432 1086 Trahe
447 1066 499 1085 me
513 1059 587 1093 post
600 1058 653 1086 te.²

48 1106 87 1134 80
143 1105 226 1133 Cum
246 1103 393 1132 Ecclesia
406 1111 482 1131 vero
495 1104 576 1131 sunt
590 1103 780 1131 veneranda
798 1101 859 1130 illa

103 1148 252 1179 Concilia
285 1147 495 1184 principalia,
532 1148 652 1184 quibus
687 1147 858 1176 Christum

102 1194 291 1224 interfuisse
318 1202 416 1222 nemo
443 1192 551 1222 fidelis
583 1192 724 1229 dubitat,
754 1201 858 1228 quum

102 1241 283 1270 habeamus
331 1239 446 1275 Ipsum
500 1237 621 1267 dixisse
676 1237 856 1274 discipulis,

101 1294 298 1315 ascensurus
318 1284 356 1313 in
378 1284 526 1314 coelum:
553 1284 655 1312 ‘Ecce
677 1293 735 1320 ego
756 1283 859 1312 vobis-

50 1337 86 1370 85
102 1341 179 1362 cum
212 1340 288 1360 sum
321 1330 476 1359 omnibus
519 1329 643 1365 diebus,
678 1338 782 1365 usque
816 1330 858 1357 ad

102 1375 424 1407 consummationem
445 1374 589 1411 saeculi,’
608 1376 646 1403 ut
669 1374 859 1403 Matthaeus

102 1425 253 1452 testatur.
277 1423 363 1450 Sunt
370 1421 471 1450 ctiam
477 1421 660 1456 scripturae
667 1421 857 1455 Doctorum,

102 1467 281 1505 Augustini
287 1469 321 1496 ct
327 1466 479 1501 aliorum,
488 1475 569 1503 quos
576 1476 596 1494 a
603 1465 729 1501 Spiritu
737 1466 860 1494 Sancto

101 1513 233 1543 adiutos
259 1512 317 1549 qui
344 1511 486 1547 dubitat,
513 1511 642 1539 fructus
669 1519 783 1538 corum
806 1510 859 1538 vel

47 1558 238 1597 9oomnino
262 1566 330 1586 non
355 1556 450 1594 vidit,
474 1556 526 1585 vel
554 1556 582 1585 si
607 1555 693 1584 vidit
720 1554 858 1583 minime

101 1603 298 1641 degustavit.

141 1650 220 1679 Post
242 1648 425 1678 Ecclesiam
447 1656 524 1676 vero
549 1649 629 1676 sunt
651 1646 856 1683 traditiones,

102 1704 184 1732 quas
198 1693 386 1724 Decretales
399 1693 535 1722 dicunt:
556 1701 641 1729 quae
652 1692 786 1728 quidem
797 1692 859 1721 etsi

102 1740 301 1770 auctoritate
325 1739 515 1776 Apostolica
537 1740 618 1768 sunt
640 1739 858 1773 venerandae,

49 1794 85 1823 95
102 1785 350 1815 fundamentali
388 1787 504 1814 tamen
544 1784 735 1820 Scripturas
774 1785 860 1819 post-

103 1831 272 1867 ponendas
282 1839 351 1859 esse
362 1829 587 1858 dubitandum
598 1838 665 1857 non
675 1830 741 1864 est;
756 1837 859 1864 quum

105 1875 258 1906 Christus
275 1876 466 1904 Sacerdotes
479 1874 703 1911 obiurgaverit
725 1874 765 1902 de
785 1883 861 1902 con-

105 1921 218 1950 trario.
280 1921 390 1954 Quum
441 1919 532 1948 enim
587 1919 858 1955 interrogassent,

107 1970 115 1982 ⁸
123 1967 230 2000 Quare
238 1965 392 2001 discipuli
403 1965 455 1994 tui
465 1964 682 1993 traditionem
693 1964 860 1993 seniorum

37 2025 90 2044 ιυυ
105 2010 439 2048 transgrediuntur?'
493 2010 717 2046 (negligebant
771 2010 861 2038 enim

106 2066 268 2086 manuum
279 2055 458 2091 lotionem),
469 2056 622 2085 Christus
634 2055 680 2084 eis
693 2055 862 2084 Matthaeo

105 2104 261 2138 testante,
277 2101 466 2137 respondit:
488 2102 495 2116 ‘
507 2102 614 2135 Quare
633 2104 667 2130 ct
682 2110 736 2129 vos
756 2107 863 2130 trans-

107 2147 285 2184 gredimini
305 2147 502 2176 mandatum
522 2146 592 2183 Dei,
607 2149 741 2182 propter
762 2147 863 2176 tradi-

106 2193 233 2222 tionem
254 2193 434 2222 vestram?’
475 2193 517 2221 In
542 2202 607 2228 quo
630 2192 712 2221 satis
736 2192 861 2229 innuit,

0 2250 2 2264 a
41 2246 90 2274 105
107 2238 322 2268 traditionem
337 2239 607 2274 postponendam.

148 2284 241 2318 Quod
281 2283 310 2312 si
350 2283 548 2312 traditiones
582 2283 748 2313 Ecclesiae
790 2286 863 2319 post

108 2329 291 2359 Ecclesiam
331 2331 420 2366 sunt,
462 2331 501 2358 ut
545 2329 752 2358 declaratum
796 2331 863 2364 est;

108 2384 241 2405 necesse
268 2377 326 2411 est,
354 2378 393 2403 ut
425 2384 493 2403 non
521 2375 688 2404 Ecclesiae
715 2384 736 2404 a
762 2375 865 2404 tradi·

109 2422 265 2458 tionibus,
294 2422 352 2450 sed
379 2421 422 2450 ab
449 2421 595 2450 Ecclesia
628 2421 865 2450 traditionibus

44 2477 55 2497 ι
62 2477 95 2497 ιο
109 2468 246 2497 accedat
255 2466 445 2502 auctoritas,
453 2466 562 2503 hique,
573 2466 657 2495 solas
667 2466 865 2494 traditiones

906 233 1106 263 excludendi
1138 235 1227 263 sunt.
1281 234 1418 270 Oportet
1452 233 1542 262 enim
1574 233 1661 262 hanc

906 279 1083 308 veritatem
1116 282 1284 316 venantes,
1314 288 1354 308 ex
1388 279 1437 315 iis,
1471 288 1511 307 ex
1543 278 1662 315 quibus

907 325 1073 354 Ecclesiae
1086 326 1204 353 manat
1224 324 1414 360 auctoritas,
1431 323 1662 360 investigando

905 371 1088 406 procedere.
1681 382 1728 409 1¹5

946 416 1007 445 His
1020 416 1134 453 itaque
1145 416 1193 445 sic
1207 416 1358 453 exclusis,
1371 416 1568 445 excludendi
1582 419 1662 445 sunt

906 461 973 498 alii,
1002 461 1068 498 qui,
1095 471 1268 490 corvorum
1295 461 1418 497 plumis
1444 461 1561 497 operti,
1586 470 1662 490 oves

906 507 998 536 albas
1026 507 1063 536 in
1090 516 1187 543 grege
1214 507 1350 536 Domini
1377 516 1410 535 se
1438 507 1574 536 iactant.
1616 506 1662 535 Hi

905 554 985 581 sunt
1007 552 1190 589 impietatis
1213 552 1284 589 filii,
1306 552 1372 589 qui,
1395 554 1434 581 ut
1455 552 1582 588 flagitia
1602 561 1663 580 sua

905 597 1039 634 exsequi
1079 597 1216 634 possint,
1258 599 1402 627 matrem
1441 597 1660 633 prostituunt,
1682 607 1732 624 ιω

907 643 1027 673 fratres
1060 644 1241 680 expellunt,
1276 646 1310 672 et
1344 643 1485 679 denique
1519 643 1662 672 iudicem

907 690 1028 719 habere
1052 690 1183 719 nolunt.
1227 690 1314 718 Nam
1342 698 1402 718 cur
1428 689 1471 718 ad
1498 697 1551 717 eos
1577 689 1664 717 ratio

907 738 1130 771 quaereretur,
1147 744 1250 771 quum
1264 744 1325 764 sua
1338 735 1521 771 cupiditate
1536 734 1665 764 detenti

906 781 1072 818 principia
1084 790 1153 810 non
1167 781 1319 810 viderent
1328 782 1342 810 ’Β

948 828 1155 864 Quapropter
1164 836 1241 856 cum
1251 826 1328 855 solis
1337 826 1541 856 concertatio
1550 828 1663 863 restat,
1685 838 1714 856 12
1716 833 1733 865 5

908 873 974 910 qui,
990 873 1129 909 aliquali
1147 873 1216 901 zelo
1229 882 1308 909 erga
1326 874 1469 901 matrem
1482 872 1666 901 Ecclesiam

909 918 1010 955 ducti,
1036 919 1152 955 ipsam,
1179 927 1262 954 quae
1284 918 1466 954 quaeritur,
1489 918 1665 947 veritatem

909 966 1074 1002 ignorant.
1127 966 1210 995 Cum
1238 965 1358 1002 quibus
1388 965 1448 994 illa
1478 965 1666 995 reverentia

909 1012 1023 1048 fretus,
1039 1020 1139 1047 quam
1156 1010 1230 1047 pius
1244 1011 1333 1039 filius
1344 1011 1441 1039 debet
1453 1010 1551 1047 patri,
1564 1020 1665 1047 quam

909 1057 983 1093 pius
1004 1056 1093 1085 filius
1112 1056 1223 1092 matri,
1242 1056 1316 1092 pius
1336 1056 1372 1084 in
1393 1056 1571 1091 Christum,
1591 1057 1666 1093 pius
1685 1066 1734 1092 ¹30

909 1102 946 1131 in
967 1101 1159 1137 Ecclesiam,
1181 1101 1255 1137 pius
1276 1101 1312 1130 in
1334 1101 1511 1138 Pastorem,
1533 1101 1608 1137 pius
1627 1101 1664 1130 in

909 1157 1024 1176 omnes
1030 1147 1254 1176 Christianam
1263 1147 1455 1183 religionem
1462 1147 1664 1183 profitentes,

910 1202 969 1229 pro
982 1193 1090 1222 salute
1103 1191 1256 1221 veritatis
1274 1191 1310 1220 in
1324 1192 1385 1221 hoc
1398 1192 1482 1221 libro
1497 1193 1666 1221 certamen

910 1238 1042 1274 incipio.

950 1284 1017 1314 IV.
1041 1284 1102 1313 Isti
1108 1293 1186 1313 vero
1195 1285 1237 1313 ad
1245 1293 1325 1320 quos
1336 1283 1400 1313 erit
1410 1285 1481 1313 tota
1486 1283 1667 1320 disputatio

910 1339 1058 1367 sequens,
1077 1332 1258 1358 asserentes
1277 1330 1511 1358 auctoritatem
1530 1329 1667 1365 Imperii

911 1377 952 1405 ab
971 1375 1170 1405 auctoritate
1187 1375 1353 1404 Ecclesiae
1367 1375 1559 1411 dependere,
1575 1375 1667 1404 velut

911 1422 1032 1451 artifex
1059 1421 1197 1450 inferior
1220 1421 1383 1457 dependet
1406 1421 1448 1449 ab
1472 1420 1665 1458 architecto,

911 1467 1063 1504 pluribus
1083 1466 1230 1497 adversis
1253 1466 1458 1502 argumentis!
1480 1467 1665 1502 moventur,
1684 1475 1701 1503 5

911 1523 995 1550 quae
1009 1513 1143 1549 quidem
1157 1513 1198 1542 de
1217 1521 1311 1541 sacra
1331 1512 1504 1548 Scriptura
1517 1512 1666 1549 eliciunt,

911 1562 944 1589 et
959 1560 999 1588 de
1014 1558 1211 1595 quibusdam
1224 1557 1323 1594 gestis
1336 1559 1408 1586 tam
1421 1557 1544 1586 summi
1557 1557 1669 1586 Ponti-

912 1604 991 1640 ficis,
1003 1612 1103 1640 quam
1115 1603 1217 1639 ipsius
1229 1602 1452 1639 Imperatoris,
1465 1603 1669 1632 nonnullum

912 1659 988 1679 vero
1002 1649 1142 1678 rationis
1156 1648 1319 1677 iudicium
1333 1648 1454 1677 habere
1469 1649 1635 1679 nituntur.

951 1695 1079 1725 Dicunt
1102 1693 1192 1723 enim
1216 1693 1332 1730 primo,
1358 1694 1542 1722 secundum
1568 1694 1668 1730 scrip-
1689 1703 1723 1722 10

912 1743 1025 1770 turam
1053 1740 1224 1775 Geneseos,
1253 1739 1339 1774 quod
1372 1739 1460 1768 Deus
1492 1738 1572 1768 secit
1603 1740 1668 1768 duo

913 1795 1035 1823 magna
1067 1784 1257 1821 luminaria,
1291 1783 1457 1812 luminare
1490 1784 1606 1820 maius,
1635 1786 1669 1813 et

913 1830 1079 1859 luminare
1106 1829 1227 1865 minus,
1256 1830 1296 1857 ut
1327 1829 1472 1858 alterum
1504 1831 1670 1865 praeesset

913 1876 988 1912 diei,
1014 1877 1048 1904 et
1071 1875 1216 1904 alterum
1241 1874 1339 1903 nocti.
1383 1874 1474 1908 Quae
1495 1874 1670 1910 allegorice

913 1921 1004 1950 dicta
1014 1929 1082 1949 esse
1094 1919 1327 1955 intelligebant
1342 1919 1408 1948 ista
1418 1920 1484 1947 duo
1495 1919 1667 1955 regimina,
1690 1929 1720 1957 ¹5

913 1966 1041 1995 scilicet
1062 1965 1235 2002 spirituale
1257 1967 1290 1994 et
1310 1964 1499 2000 temporale.
1542 1964 1670 1994 Deinde

913 2014 1069 2048 arguunt,
1080 2011 1168 2047 quod
1179 2011 1458 2047 quemadmodum
1470 2010 1575 2045 Luna,
1587 2019 1671 2046 quae

914 2060 963 2086 est
991 2057 1158 2086 luminare
1180 2056 1302 2092 minus,
1328 2065 1395 2084 non
1420 2055 1521 2084 habet
1547 2055 1669 2092 lucem,

915 2103 980 2132 nisi
1000 2105 1098 2139 prout
1112 2102 1230 2138 recipit
1249 2111 1270 2130 a
1284 2101 1366 2137 Sole,
1381 2101 1428 2129 sic
1442 2110 1504 2130 nec
1522 2101 1671 2137 regimen

914 2148 1094 2184 temporale
1112 2146 1345 2176 auctoritatem
1360 2146 1470 2183 habet,
1486 2145 1552 2175 nisi
1571 2148 1671 2183 prout
1689 2155 1726 2174 20

915 2193 1033 2229 recipit
1047 2202 1068 2222 a
1081 2192 1246 2229 spirituali
1262 2191 1432 2228 regimine.

955 2239 1093 2275 Propter
1115 2238 1203 2267 hanc
1228 2239 1262 2266 et
1288 2239 1424 2274 propter
1450 2236 1533 2266 alias
1557 2246 1671 2266 eorum

918 2284 1064 2313 rationes
1118 2283 1351 2319 dissolvendas,
1403 2283 1671 2319 praenotandum

915 2330 1012 2366 quod,
1027 2329 1113 2358 sicut
1134 2328 1331 2365 Philosopho
1349 2328 1458 2364 placet
1476 2327 1512 2356 in
1532 2327 1574 2356 iis
1588 2337 1670 2364 quae

916 2376 956 2404 de
965 2374 1152 2411 sophisticis
1162 2374 1329 2410 Elenchis,
1340 2374 1347 2388 ‘
1354 2373 1474 2402 solutio
1481 2373 1671 2410 argumenti
1689 2381 1722 2409 25

917 2423 966 2449 cst
987 2420 1107 2448 erroris
1126 2419 1377 2452 manifestatio,¹
1419 2419 1461 2447 Et
1483 2418 1561 2454 quia
1582 2427 1672 2446 error

917 2468 1025 2502 potest
1046 2475 1114 2494 esse
1135 2465 1171 2493 in
1190 2464 1332 2493 materia
1350 2466 1384 2493 et
1404 2464 1439 2493 in
1455 2464 1564 2492 forma
1577 2473 1672 2500 argu-

109 2513 279 2551 habentes,
293 2513 336 2542 ab
354 2512 425 2549 hoc,
441 2515 479 2542 ut
497 2512 678 2549 dicebatur,
693 2512 865 2549 gymnasio
887 2530 892 2558 ι
917 2511 1032 2547 menti,
1055 2510 1233 2548 dupliciter
1252 2519 1387 2548 peccare
1409 2510 1594 2547 contingit:
1613 2511 1673 2539 aut
