1780 2820
430 116 502 154 DE
530 113 900 153 MONARCHIA:
936 114 1009 152 ΙΙΙ.
1035 115 1128 153 CAP.
1157 127 1213 164 15,
1232 117 1289 154 16.

73 229 256 260 habemus:
278 229 412 266 ‘Petre,’
431 228 553 266 inquit,
578 229 730 264 ‘sequere
753 228 826 257 me.’

73 277 138 306 Sed
163 276 315 306 Christus
334 274 526 305 huiusmodi
546 273 694 310 regimen
715 282 827 302 coram

72 322 181 352 Pilato
227 321 424 358 abnegavit:
472 320 663 356 ‘Regnum‚’
704 319 824 355 inquit,

73 369 80 384 ‘
92 377 204 398 meum
217 376 285 396 non
300 369 350 397 est
363 367 403 395 de
420 366 483 395 hoc
497 363 623 394 mun'do
635 375 641 401 ;
663 364 692 394 si
705 374 746 394 ex
763 365 826 394 hoc

20 424 58 451 30
72 414 198 443 mundo
211 414 297 442 esset
310 420 451 449 regnum
464 419 586 447 meum,
599 409 747 439 ministri
760 410 826 439 mei

72 459 189 495 utique
230 458 447 494 decertarent,
486 459 527 486 ut
567 465 636 485 non
676 457 828 485 traderer

72 503 220 540 Iudaeis;
241 511 334 533 nunc
347 504 461 533 autem
475 511 617 539 regnum
630 510 743 531 meum
757 510 825 530 non

71 552 122 579 est
134 549 236 579 hinc!
619 581 629 585 ,Ἰ

111 595 207 630 Quod
227 603 295 624 non
316 594 363 623 sic
384 593 642 630 intelligendum
662 595 721 630 est,
737 602 776 622 ac
798 593 826 622 si

21 648 54 676 35
71 641 233 676 Christus,
249 640 307 676 qui
326 640 416 669 Deus
436 642 494 676 est,
517 647 585 667 non
605 639 650 667 sit
671 638 826 667 dominus

72 686 178 723 Regni
211 685 332 722 huius;
368 695 473 722 quum
507 684 685 714 Psalmista
719 684 826 714 dicat:

73 731 255 766 ‘Quoniam
276 731 381 767 ipsius
405 732 456 759 est
475 738 577 766 mare,
600 732 634 759 et
655 729 725 766 ipse
746 730 826 759 fecit

70 777 164 814 illud,
200 779 234 806 et
266 776 398 806 aridam
438 775 667 804 fundaverunt
704 784 826 805 manus

71 823 159 860 eius3
172 824 180 838 ’
203 823 260 852 sed
281 822 369 859 quia,
390 824 430 851 ut
455 821 625 857 exemplar
649 821 824 858 Ecclesiae,

16 878 56 905 40
70 868 166 905 regni
184 868 285 897 huius
305 875 421 896 curam
441 875 510 895 non
530 866 682 896 habebat.
726 866 826 895 Velut

70 914 99 944 si
133 922 272 944 aureum
306 913 455 950 sigillum
487 912 687 948 loqueretur,
717 912 758 941 de
791 921 826 942 se

70 959 204 989 dicens:
237 959 311 988 Non
346 967 422 987 sum
453 965 611 986 mensura
643 957 680 986 in
713 957 826 994 aliquo

69 1014 207 1041 genere3
229 1005 318 1040 quod
338 1003 473 1040 quidem
488 1002 617 1031 dictum
636 1011 704 1031 non
725 1002 826 1032 habet

69 1050 188 1087 locum,
203 1050 240 1079 in
261 1051 427 1086 quantum
447 1050 497 1077 est
517 1056 647 1084 aurum,
664 1056 767 1083 quum
781 1048 826 1077 sit

14 1107 53 1136 45
69 1098 215 1125 metrum
242 1095 279 1124 in
307 1103 427 1131 genere
453 1092 675 1129 metallorum,
702 1093 761 1122 sed
787 1093 825 1122 in

69 1143 235 1178 quantum
250 1143 300 1170 est
311 1140 478 1177 quoddam
489 1139 624 1175 signum
635 1139 826 1175 receptibile

68 1196 127 1224 per
139 1187 399 1224 impressionem.

108 1233 261 1262 Formale
272 1232 377 1269 igitur
391 1233 441 1261 est
451 1230 627 1267 Ecclesiae,
638 1231 723 1260 illud
735 1230 825 1260 idem

68 1278 187 1315 dicere,
219 1278 304 1307 illud
337 1277 427 1306 idem
454 1277 586 1307 sentire.
630 1277 825 1312 Oppositum

0 1356 2 1362 k
13 1331 52 1361 5ο
68 1325 183 1353 autem
218 1323 326 1353 dicere
360 1323 413 1352 vel
450 1322 583 1359 sentire,
619 1323 825 1352 contrarium

67 1369 202 1406 formae,
218 1371 257 1398 ut
270 1371 373 1406 patet,
389 1368 458 1398 sive
472 1370 622 1405 naturae,
634 1369 722 1404 quod
735 1368 824 1398 idem

68 1417 125 1444 est.
169 1415 219 1444 Ex
233 1423 298 1451 quo
311 1414 482 1451 colligitur
495 1414 582 1450 quod
591 1413 699 1443 virtus
712 1415 826 1443 aucto-

67 1460 196 1489 rizandi
216 1469 358 1497 regnum
375 1460 437 1488 hoc
462 1459 507 1488 sit
527 1461 646 1488 contra
666 1461 824 1488 naturam

67 1506 233 1535 Ecclesiae
246 1517 253 1535 :
275 1505 493 1535 contrarietas
506 1504 597 1534 enim
617 1505 654 1533 in
668 1505 823 1541 opinione

16 1563 51 1592 55
67 1552 120 1582 vel
138 1552 227 1581 dicto
247 1551 398 1588 sequitur
418 1560 459 1580 ex
480 1550 718 1580 contrarietate
739 1560 823 1588 quae

67 1599 118 1626 est
138 1597 175 1626 in
194 1606 231 1626 re
251 1597 344 1626 dicta
355 1597 410 1626 vel
429 1596 583 1633 opinata3
605 1596 693 1626 sicut
706 1606 823 1626 verum

68 1644 102 1671 et
125 1642 247 1671 falsum
268 1643 310 1671 ab
334 1650 402 1671 esse
429 1641 488 1679 rei,
511 1642 564 1670 vel
587 1650 655 1670 non
682 1650 759 1679 esse,
785 1643 822 1672 in

67 1688 216 1718 oratione
236 1689 403 1725 causatur,
419 1690 458 1716 ut
478 1687 633 1716 doctrina
653 1688 824 1718 Praedica-

67 1735 258 1763 mentorum
270 1742 331 1763 nos
350 1734 454 1764 docet.
496 1733 705 1762 Sufficienter
718 1733 823 1770 igitur

12 1786 53 1815 60
67 1787 127 1815 per
159 1782 360 1816 argumenta
386 1778 565 1815 superiora,
595 1779 747 1808 ducendo
779 1780 823 1808 ad

67 1825 317 1862 inconveniens,
332 1826 509 1862 probatum
523 1826 572 1854 est
585 1825 823 1854 auctoritatem

67 1871 204 1907 Imperii
217 1871 259 1900 ab
273 1870 422 1900 Ecclesia
434 1870 574 1899 minime
585 1871 778 1906 dependere.

106 1915 212 1946 XVI.
226 1917 321 1952 (XV.)
341 1916 434 1945 Licet
447 1916 484 1945 in
504 1916 716 1952 praecedenti
731 1916 823 1953 Capi-

68 1962 149 1997 tulo,
160 1962 310 1991 ducendo
329 1962 372 1990 ad
387 1961 633 1997 inconveniens,
649 1963 822 1991 ostensum

69 2007 114 2037 sit
141 2007 379 2037 auctoritatem
400 2006 537 2042 Imperii
558 2006 601 2035 ab
622 2006 822 2037 auctoritate

67 2052 191 2085 summi
199 2052 370 2082 Pontificis
384 2061 451 2080 non
463 2051 608 2088 causari;
629 2060 696 2080 non
707 2054 822 2082 tamen

33 2107 51 2134 5
68 2098 206 2127 omnino
228 2098 405 2135 probatum
433 2100 482 2127 est
503 2098 609 2134 ipsam
629 2097 821 2128 immediate

68 2144 251 2180 dependere
277 2153 299 2173 a
325 2144 401 2179 Deo,
431 2143 497 2172 nisi
529 2152 568 2172 ex
595 2145 820 2180 consequenti.

68 2191 276 2226 Consequens
309 2189 400 2219 enim
435 2192 493 2226 est,
522 2189 550 2218 si
580 2189 622 2218 ab
656 2189 726 2224 ipso
760 2190 821 2219 Dei

67 2235 191 2267 vicario
219 2244 287 2264 non
315 2235 489 2271 dependet,
515 2235 602 2271 quod
630 2243 651 2263 a
676 2235 745 2264 Deo
769 2236 821 2264 de-

67 2282 220 2317 pendeat.
272 2281 315 2310 Et
342 2281 424 2317 ideo,
446 2281 490 2309 ad
512 2281 694 2316 perfectam
718 2281 822 2309 deter-

17 2335 52 2357 ιο
67 2326 287 2356 minationem
332 2326 500 2363 propositi,
542 2325 705 2355 ostensive
751 2335 821 2363 pro-

69 2370 217 2399 bandum
244 2372 294 2399 est
321 2370 569 2407 Imperatorem,
606 2370 673 2399 sive
701 2370 821 2398 mundi

69 2415 295 2452 nonarum,
330 2415 518 2445 immediate
553 2423 586 2444 se
620 2415 741 2445 habere
778 2417 821 2444 ad

70 2460 260 2496 Principem
274 2460 429 2497 universi,
445 2460 503 2497 qui
517 2461 606 2489 Deus
620 2463 677 2491 cst.

109 2506 162 2536 Ad
184 2505 284 2536 huius
307 2508 421 2536 autem
440 2505 700 2544 intelligentiam
719 2506 822 2536 scien-

1564 128 1636 164 375

881 228 962 257 dum
984 229 1072 264 quod
1091 228 1191 257 homo
1211 229 1301 258 solus
1321 228 1358 258 in
1387 229 1522 258 entibus
1541 229 1636 258 tenet
1655 231 1687 260 15

878 273 1028 303 medium
1051 274 1319 315 corruptibilium
1344 276 1377 304 et
1403 275 1636 311 incorruptibi-

878 319 983 356 1ium;
1007 322 1142 356 propter
1161 321 1248 356 quod
1273 322 1363 349 recte
1386 329 1407 349 a
1430 320 1635 356 philosophis

878 364 1090 394 adsimilatur
1115 365 1292 403 horizonti,
1321 365 1379 402 qui
1409 367 1459 395 est
1485 366 1634 395 medium

878 411 1020 439 duorum
1043 410 1372 446 hemisphaeriorum.
1415 410 1503 440 Nam
1525 411 1633 448 homo,

878 455 907 485 si
921 456 1150 486 consideretur
1163 457 1348 485 secundum
1367 458 1544 492 utramque
1562 465 1635 492 par·
1653 466 1690 484 20

877 503 947 530 tem
986 502 1206 538 essentialem,
1243 501 1371 531 scilicet
1411 501 1559 531 animam
1602 505 1636 531 et

878 556 1018 584 corpus:
1039 547 1265 584 corruptibilis
1285 549 1344 584 est,
1359 547 1388 577 si
1408 547 1636 577 consideretur

877 595 1013 623 tantum
1026 594 1211 623 secundum
1224 601 1338 630 unam,
1355 593 1483 622 scilicet
1497 602 1614 629 corpus
1628 604 1634 630 ;

863 659 866 662 .
877 637 905 666 si
911 646 988 667 vero
994 638 1178 667 seeundum
1186 637 1468 674 alteram,scilicet
1473 638 1632 674 animam,

878 683 1141 719 incorruptibilis
1168 685 1226 712 est.
1270 683 1409 719 Propter
1436 683 1522 719 quod
1552 684 1634 712 bene
1652 694 1685 721 25

878 728 1098 764 Philosophus
1118 728 1230 765 inquit
1252 729 1292 757 de
1312 728 1393 765 ipsa,
1409 730 1509 765 prout
1529 729 1635 757 incor-

877 774 1046 810 ruptibilis
1057 776 1116 811 est,
1129 774 1166 803 in
1181 775 1326 803 secundo
1338 775 1378 803 (le
1389 774 1521 811 Anima,
1531 783 1635 810 quum

878 819 964 848 dixit
979 830 986 848 ε
1008 820 1069 848 ‘Et
1090 820 1198 848 solum
1211 819 1274 849 hoe
1293 818 1462 856 contingit
1477 820 1633 857 separari,

877 866 1051 901 tamquam
1065 867 1273 902 perpetuum,
1289 874 1310 894 a
1323 865 1551 902 corruptibili)

917 911 954 940 Si
980 920 1056 948 ergo
1083 911 1182 940 homo
1215 911 1363 941 medium
1390 912 1558 948 quoddam
1583 914 1635 941 est
1651 920 1689 946 30

877 957 1145 993 corruptibilium
1156 959 1190 986 et
1200 957 1516 995 incorruptibilium,
1529 967 1634 994 quum

877 1011 975 1031 omne
1006 1003 1155 1032 medium
1188 1003 1297 1040 sapiat
1330 1005 1490 1032 naturam
1529 1006 1635 1033 extre-

879 1058 1022 1087 morum,
1057 1057 1190 1078 necesse
1225 1050 1274 1077 est
1308 1047 1482 1077 hominem
1520 1058 1634 1086 sapere

877 1095 1054 1129 utramque
1087 1095 1256 1124 naturam.
1309 1094 1354 1122 Et
1387 1103 1492 1130 quum
1525 1095 1635 1124 omnis

877 1140 1001 1168 natura
1024 1140 1068 1168 ad
1088 1139 1248 1168 ultimum
1269 1140 1436 1175 quendam
1458 1141 1561 1170 finem
1585 1150 1634 1170 or·
1650 1144 1685 1172 35

877 1184 1022 1221 dinetur,
1047 1185 1263 1221 consequitur
1279 1187 1319 1214 ut
1339 1185 1488 1215 hominis
1510 1186 1635 1222 duplex

877 1229 956 1258 finis
970 1230 1117 1267 exsistat,
1133 1232 1172 1259 ut
1194 1230 1283 1260 sicut
1302 1231 1395 1260 inter
1407 1231 1522 1260 omnia
1542 1232 1635 1261 entia

876 1276 964 1305 solus
984 1276 1337 1312 incorruptibilitatem
1358 1279 1392 1306 et
1412 1277 1635 1314 corruptibili-

876 1323 983 1351 tatem
1006 1322 1206 1359 participat;
1233 1322 1280 1351 sic
1301 1323 1388 1351 solus
1409 1322 1499 1352 inter
1519 1323 1634 1352 omnia

877 1367 970 1396 entia
990 1367 1027 1396 in
1049 1369 1115 1396 duo
1134 1368 1258 1397 ultima
1278 1368 1470 1398 ordinetur:
1491 1378 1632 1405 quorum
1650 1378 1690 1405 40

875 1413 1018 1442 alterum
1041 1413 1085 1442 sit
1103 1413 1180 1442 finis
1194 1413 1273 1450 eius,
1289 1416 1387 1450 prout
1409 1414 1633 1450 corruptibilis

874 1459 924 1487 est
938 1468 944 1494 ;
967 1459 1110 1488 alterum
1124 1468 1211 1496 vero,
1226 1462 1325 1496 prout
1339 1460 1610 1497 incorruptibilis.

915 1504 1007 1534 Duos
1032 1505 1136 1541 igitur
1156 1505 1240 1534 fines
1265 1505 1480 1535 Providentia
1499 1506 1559 1535 illa
1582 1507 1632 1536 in-

875 1550 1073 1579 enarrabilis
1080 1551 1208 1579 homiui
1218 1552 1388 1587 proposuit
1394 1552 1616 1582 intendendos
1624 1564 1631 1590 ;

874 1595 1116 1624 beatitudinem
1129 1596 1256 1625 scilicet
1269 1596 1370 1626 huius
1385 1597 1481 1634 vitae,
1498 1607 1581 1634 quae
1595 1598 1631 1627 in
1649 1607 1686 1636 45

875 1641 1066 1677 operatione
1087 1642 1237 1678 propriae
1257 1642 1394 1672 virtutis
1415 1643 1576 1680 consistit,
1598 1647 1632 1673 et

875 1696 934 1723 per
955 1689 1147 1716 terrestrem
1167 1687 1363 1716 Paradisum
1384 1688 1567 1726 figuratur3
1598 1692 1632 1718 et

874 1733 1119 1762 beatitudinem
1139 1732 1228 1764 vitae
1254 1735 1417 1771 aeternae,
1447 1743 1530 1770 quae
1557 1744 1632 1764 con-

875 1778 965 1807 sistit
975 1779 1011 1807 in
1021 1779 1182 1808 fruitione
1193 1779 1299 1808 divini
1311 1782 1464 1816 aspectus
1477 1781 1520 1809 ad
1530 1790 1631 1817 quam

874 1825 1008 1860 propria
1021 1825 1130 1853 virtus
1145 1826 1322 1855 ascendere
1343 1834 1412 1854 non
1432 1828 1550 1863 potest,
1566 1826 1631 1855 nisi
1648 1833 1687 1860 50

874 1870 1002 1900 lumine
1014 1870 1128 1899 divino
1137 1870 1262 1907 adiuta,
1273 1880 1357 1908 quae
1367 1880 1425 1907 per
1437 1872 1631 1901 Paradisum

874 1916 1049 1945 coelestem
1062 1916 1207 1953 intelligi
1221 1918 1330 1947 datur.

914 1961 966 1990 Ad
987 1962 1050 1990 has
1070 1961 1205 1997 quidem
1226 1962 1459 1999 beatitudines,
1475 1963 1567 1992 velut
1588 1964 1630 1992 ad

874 2006 1022 2036 diversas
1042 2007 1277 2043 conclusiones,
1293 2016 1352 2043 per
1372 2007 1501 2037 diversa
1520 2009 1632 2038 media

874 2052 988 2081 venire
1022 2054 1160 2088 oportet.
1214 2052 1301 2081 Nam
1330 2054 1374 2081 ad
1402 2053 1545 2089 primam
1573 2063 1632 2090 per
1647 2064 1681 2092 55

873 2097 1101 2133 philosophica
1125 2098 1325 2127 documenta
1347 2099 1510 2135 venimus,
1537 2100 1630 2128 dum-

873 2143 970 2171 modo
992 2143 1052 2173 illa
1075 2152 1261 2180 sequamur,
1283 2145 1467 2173 secundum
1489 2145 1630 2174 virtutes

874 2188 1015 2218 morales
1038 2191 1072 2218 et
1094 2189 1338 2218 intellectuales
1361 2191 1534 2226 operando.
1578 2191 1630 2220 Ad

873 2235 1055 2263 secundam
1068 2243 1145 2263 vero
1155 2243 1214 2270 per
1223 2235 1423 2264 documenta
1431 2236 1628 2273 spiritualia,

874 2288 958 2315 quae
982 2280 1167 2308 humanam
1190 2280 1354 2309 rationem
1374 2283 1628 2318 transcendunt,
1648 2287 1686 2311 (κ)

875 2325 1056 2354 dummodo
1078 2325 1138 2354 illa
1162 2335 1340 2362 sequamur
1362 2328 1545 2356 secundum
1567 2328 1631 2356 vir-

874 2372 963 2399 tutes
983 2371 1184 2408 theologicas
1201 2373 1376 2409 operando,
1392 2373 1516 2410 Fidem,
1533 2374 1631 2409 Spem

873 2417 999 2446 scilicet
1027 2419 1060 2445 et
1089 2417 1279 2447 Caritatem.
1331 2419 1399 2447 Has
1426 2418 1530 2454 igitur
1557 2428 1632 2447 eon-

875 2461 1038 2490 clusiones
1069 2464 1103 2491 et
1136 2462 1248 2491 media
1274 2462 1363 2498 (lieet
1396 2467 1530 2492 ostensa
1562 2464 1630 2492 sint

876 2507 970 2536 nobis
989 2507 1071 2537 haec
1090 2507 1132 2537 ab
1146 2507 1295 2538 humana
1314 2508 1453 2545 ratione,
1470 2518 1553 2545 quae
1574 2518 1632 2546 per
1648 2513 1683 2547 65
