1780 2820
481 128 553 165 DE
581 126 947 186 MQNARCHIA:
986 127 1058 164 III.
1086 128 1182 165 CAP.
1208 130 1289 175 4—6.

1595 131 1666 176 367

97 241 208 270 lucem
221 241 440 277 abundanter,
456 241 522 270 nisi
535 242 575 269 ut
593 250 614 269 a
632 240 706 269 Sole
724 239 852 276 recipit,

99 296 168 316 non
182 289 317 323 propter
330 287 393 316 hoc
404 286 564 323 sequitur,
575 286 662 322 quod
673 285 745 322 ipsa
756 285 854 314 Luna

99 332 144 361 sit
165 342 186 361 a
206 333 288 362 Sole.
331 333 427 361 Unde
448 332 630 367 sciendum,
651 331 738 367 quod
759 330 851 359 aliud

98 380 148 406 est
171 386 239 406 esse
259 378 363 414 ipsius
384 377 508 413 Lunae,
529 377 623 405 aliud
643 376 750 404 virtus
771 375 850 411 eius,

35 434 44 452 ι
49 432 82 460 35
98 426 132 452 et
153 423 245 452 aliud
266 423 403 459 operari.
446 423 617 456 Quantum
636 423 685 450 est
705 422 747 450 ad
770 430 849 457 esse,

98 469 193 497 nullo
216 470 314 497 modo
333 469 429 497 Luna
453 468 616 504 dependet
638 477 659 496 a
683 467 766 503 Sole,
789 476 851 496 nec

97 514 199 542 etiam
210 516 375 550 quantum
384 515 427 543 ad
438 514 606 550 virtutem,
615 522 676 542 nec
686 515 851 549 quantum

96 561 139 588 ad
153 560 378 596 operationem
398 559 614 596 simpliciter;
643 559 721 595 quia
741 562 851 588 motus

97 606 167 635 eius
187 608 236 634 est
257 615 277 634 a
296 608 422 634 motore
440 605 582 641 proprio,
598 605 778 634 influentia
791 614 852 634 sua

29 657 82 684 ¹⁴0
96 653 145 680 est
172 660 193 680 a
219 651 360 687 propriis
383 650 450 679 suis
473 650 585 680 radiis.
628 651 738 679 Habet
760 651 851 680 enim

95 697 243 734 aliquam
265 697 434 736 lucem—ex
455 705 497 733 se,
521 698 561 726 ut
583 697 617 725 in
642 697 712 725 eius
736 697 851 733 eclipsi

95 742 311 771 manifestum
326 744 376 771 est
388 753 394 779 ;
417 743 473 771 sed
487 744 654 778 quantum
668 743 710 771 ad
731 743 850 772 melius

95 789 130 817 et
143 788 325 817 virtuosius
345 789 559 824 operandum,
583 787 701 823 recipit
722 788 850 824 aliquid

94 842 115 862 a
142 833 225 871 Sole,
260 833 340 870 quia.
373 833 482 862 lucem
517 834 754 870 abundantem,
784 843 850 870 qua

26 882 77 911 ⁸45
94 881 235 916 recepta,
250 878 430 908 virtuosius
444 880 608 914 operatur.

133 925 188 954 Sic
201 934 278 962 ergo
298 925 379 962 dico,
395 925 483 961 quod
504 933 646 962 regnum
666 925 848 961 temporale

93 979 161 999 non
182 970 303 1006 recipit
326 979 395 999 esse
418 979 439 998 a
461 970 639 1006 spirituali,
660 980 721 999 nec
744 971 848 999 virtu-

93 1018 173 1052 tem,
189 1025 272 1052 quae
293 1017 343 1044 est
363 1015 434 1044 eius
454 1015 646 1052 auctoritas,
662 1025 724 1045 nec
746 1016 847 1046 etiam

92 1061 317 1098 operationem
337 1060 551 1096 simpliciter3
572 1062 629 1089 sed
649 1061 732 1090 bene
751 1062 793 1091 ab
811 1071 848 1091 eo

28 1113 78 1141 150
92 1107 220 1144 recipit,
237 1110 275 1136 ut
289 1107 470 1136 virtuosius
489 1109 643 1143 operetur
663 1117 723 1143 per
736 1108 846 1137 lucem

91 1153 230 1190 gratiae,
247 1163 346 1190 quam
365 1153 401 1182 in
423 1153 513 1182 coelo
532 1156 565 1182 et
582 1154 619 1182 in
639 1156 730 1183 terra
751 1155 847 1184 bene-

92 1199 195 1229 dictio
208 1200 329 1229 summi
345 1199 516 1228 Pontificis
530 1199 680 1228 infundit
700 1200 759 1229 illi.
803 1201 846 1229 Et

91 1245 166 1275 ideo
199 1247 435 1282 argumentum
461 1245 619 1280 peccabat
652 1245 688 1273 in
719 1246 846 1275 forma:

92 1291 172 1327 quia
188 1291 418 1327 praedicatum
432 1290 468 1319 in
483 1290 694 1319 conclusione
714 1300 781 1319 non
796 1294 846 1320 est

26 1346 75 1374 ¹55
92 1336 285 1366 extremitas
312 1335 455 1372 maioris,
484 1338 523 1364 ut
550 1338 660 1372 patet;
695 1338 845 1372 procedit

91 1381 182 1410 enim
196 1381 243 1410 sic
258 1392 264 1410 :
286 1382 383 1409 Luna
396 1380 516 1417 recipit
530 1380 640 1409 lucem
654 1390 674 1410 a
689 1382 771 1418 Sole,
788 1383 844 1418 qui

91 1429 141 1456 est
162 1427 310 1464 regimen
331 1426 523 1463 spirituale;
551 1426 700 1462 regimen
720 1429 845 1464 tempo-

90 1473 160 1501 rale
181 1475 231 1501 est
254 1473 368 1501 Luna:
397 1481 474 1508 ergo
494 1471 643 1509 regimen
664 1474 844 1509 temporale

91 1517 209 1554 recipit
218 1517 453 1546 auctoritatem
465 1526 486 1546 a
495 1517 657 1554 regimine
667 1518 842 1553 spirituali.

21 1563 76 1591 160
90 1561 177 1590 Nam
216 1561 254 1591 in
289 1562 500 1591 extremitate
533 1562 678 1599 maioris,
714 1566 844 1599 ponunt

90 1607 218 1637 lucem:
242 1607 279 1636 in
301 1607 491 1644 praedicato
511 1617 589 1636 vero
611 1609 842 1646 conclusionis,

89 1652 344 1682 auctoritatem:
378 1662 462 1689 quae
495 1656 575 1682 sunt
609 1663 662 1683 res
695 1654 843 1684 diversae

88 1697 235 1727 subiecto
249 1700 283 1727 et
296 1698 434 1734 ratione,
450 1700 488 1727 ut
502 1698 609 1727 visum
625 1702 683 1729 est.

127 1742 172 1772 V.
195 1742 389 1772 Adsumunt
415 1743 518 1772 etiam
541 1747 779 1780 argumentum
803 1747 842 1775 de

87 1788 187 1818 litera
213 1789 329 1824 Moysi,
355 1789 512 1825 dicentes,
538 1790 625 1825 quod
651 1791 692 1819 de
719 1791 842 1821 femore

89 1833 188 1862 Iacob
214 1833 311 1862 fluxit
339 1834 448 1870 figura
477 1834 597 1863 horum
624 1835 766 1863 duorum
795 1845 843 1864 re-

89 1878 263 1915 giminum,
288 1879 367 1915 quia
394 1879 472 1908 Levi
495 1882 529 1908 et
553 1880 670 1915 Iudas3
702 1890 842 1916 quorum

57 1925 175 1962 5alter
210 1924 276 1952 suit
309 1927 404 1960 pater
430 1925 615 1962 sacerdotii,
644 1926 730 1954 alter
764 1936 842 1956 vero

88 1970 260 2006 regiminis
271 1970 468 2005 temporalis.
498 1970 626 1999 Deinde
637 1971 683 2000 sic
693 1975 842 2008 arguunt

88 2025 128 2044 ex
149 2015 210 2044 iis:
237 2015 331 2044 Sicut
351 2025 385 2044 se
406 2015 525 2045 habuit
546 2016 625 2045 Levi
645 2018 689 2045 ad
710 2018 839 2055 Iudam,

87 2061 134 2090 sic
148 2070 181 2090 se
195 2061 295 2090 habet
311 2061 458 2090 Ecclesia
471 2062 513 2089 ad
525 2062 714 2098 Imperium.
761 2064 841 2093 Levi

87 2106 266 2143 praecessit
285 2106 405 2135 Iudam
425 2106 461 2135 in
483 2107 672 2144 nativitate,
688 2110 728 2137 ut
747 2111 841 2144 patet

38 2162 73 2182 ιο
87 2153 124 2181 in
152 2152 270 2181 litera:
303 2160 380 2188 ergo
407 2152 554 2181 Ecclesia
580 2154 748 2188 praecedit
775 2155 840 2183 Im-

86 2197 217 2234 perium
232 2197 267 2225 in
282 2198 488 2227 auctoritate.

127 2243 171 2271 Et
198 2242 261 2271 hoc
283 2251 359 2271 vero
384 2244 424 2271 de
451 2242 543 2272 facili
569 2244 731 2273 solvitur:
760 2254 839 2274 nam

87 2288 174 2324 quod
202 2288 330 2324 dicunt,
356 2289 443 2324 quod
470 2288 550 2317 Levi
577 2290 610 2317 et
637 2289 746 2326 Iudas,
777 2291 838 2319 filii

86 2334 194 2370 Iacob,
229 2333 377 2369 figurant
411 2333 477 2362 ista
507 2334 679 2370 regimina,
708 2344 837 2371 possem

38 2387 70 2416 15
85 2378 240 2407 similiter
252 2378 316 2407 hoc
325 2378 548 2408 interimendo
562 2380 738 2409 dissolvere
752 2391 759 2417 3
780 2382 836 2410 sed

86 2424 296 2453 concedatur.
325 2424 369 2452 Et
379 2433 483 2460 quum
493 2426 662 2462 arguendo
672 2426 838 2455 inferunt:

85 2468 180 2498 Sicut
207 2469 287 2498 Levi
312 2470 481 2505 praecedit
507 2470 544 2499 in
573 2471 760 2508 nativitate,
789 2472 836 2501 sic

84 2514 234 2545 Ecclesia
259 2514 296 2544 in
330 2516 538 2554 auctoritate,
570 2517 644 2547 dico
669 2517 834 2557 similiter,

906 240 993 275 quod
1009 239 1101 268 aliud
1124 242 1174 268 est
1189 240 1419 276 praedicatum
1433 240 1663 276 conclusionis,

905 287 939 314 et
962 286 1055 314 aliud
1083 285 1189 314 maior
1217 285 1431 314 extremitas:
1465 295 1546 314 nam
1570 286 1663 314 aliud
1685 293 1720 311 ευ

905 332 955 360 est
969 331 1160 367 auctoritas,
1177 333 1210 360 et
1224 331 1317 359 aliud
1332 330 1501 367 nativitas,
1518 331 1664 360 subiecto

905 378 938 405 et
966 376 1115 412 ratione;
1149 378 1285 412 propter
1320 376 1408 412 quod
1440 378 1599 412 peccatur
1626 377 1663 405 in

904 422 1020 452 forma.
1064 422 1108 451 Et
1135 424 1185 451 cst
1213 422 1334 451 similis
1361 431 1530 458 processus
1565 422 1666 451 huic:

904 467 933 496 A
947 468 1116 504 praecedit
1131 468 1158 496 B
1172 468 1209 496 in
1225 468 1248 496 C
1261 478 1267 503 ;
1290 468 1319 496 D
1335 469 1368 495 et
1384 468 1411 495 E
1431 476 1465 496 se
1484 467 1610 496 habent
1625 470 1664 496 ut

903 514 933 542 A
947 515 980 542 et
996 515 1022 542 B
1037 525 1043 542 :
1063 522 1140 550 ergo
1154 515 1183 542 D
1197 514 1366 550 praecedit
1381 513 1408 541 E
1422 514 1459 541 in
1477 513 1520 549 1³¹3
1546 514 1572 541 F
1587 523 1663 542 vero
1684 523 1718 549 25

904 560 937 588 et
952 559 976 588 C
991 559 1120 588 diversa
1134 561 1223 589 sunt.

943 604 988 633 Et
1022 605 1050 634 si
1083 606 1233 634 facerent
1263 604 1468 633 instantiam
1503 605 1660 642 dicentes,

903 651 989 686 quod
1004 651 1031 679 F
1051 650 1202 687 sequitur
1215 651 1259 679 ad
1278 651 1311 686 C,
1326 651 1390 679 hoc
1409 652 1459 678 est
1480 650 1663 680 auctoritas

903 697 946 725 ad
960 696 1182 732 nativitatem,
1206 698 1239 725 et
1259 706 1319 732 pro
1340 696 1557 724 antecedente
1579 696 1662 724 bene

902 741 1049 771 infertur
1073 750 1287 778 consequens,
1314 743 1354 769 ut
1376 741 1503 770 animal
1525 750 1585 777 pro
1607 741 1663 770 ho-
1681 752 1717 777 30

903 787 995 816 mine
1008 797 1015 823 ;
1039 787 1112 816 dico
1127 787 1215 822 quod
1228 787 1353 815 falsum
1367 788 1417 814 est
1430 797 1437 815 :
1456 786 1557 814 multi
1571 786 1663 814 enim

902 834 983 861 sunt
1014 832 1155 861 maiores
1182 833 1275 868 natu,
1305 831 1362 868 qui
1389 841 1457 860 non
1485 832 1591 860 solum
1626 832 1662 861 in

901 878 1103 907 auctoritate
1134 887 1203 906 non
1229 878 1446 913 praecedunt,
1475 878 1532 906 sed
1560 877 1662 906 etiam

901 925 1148 960 praeceduntur
1167 933 1187 952 a
1206 923 1400 959 minoribus,
1415 925 1455 951 ut
1478 925 1580 960 patet,
1603 923 1662 952 ubi

902 970 1055 1006 Episcopi
1082 972 1162 999 sunt
1192 971 1341 1005 tempore
1369 968 1525 1006 iuniores,
1559 978 1659 1005 quam
1680 978 1713 1005 35

901 1015 951 1044 sui
981 1015 1280 1051 Archipresbyteri.
1336 1014 1380 1043 Et
1414 1014 1463 1043 sic
1490 1014 1661 1043 instantia

901 1060 1035 1089 videtur
1049 1070 1158 1089 errare
1173 1061 1357 1089 secundum
1378 1068 1446 1088 non
1466 1068 1601 1087 causam
1620 1061 1660 1087 ut

901 1115 1008 1136 causa.

940 1151 1006 1181 VI.
1030 1153 1077 1180 De
1099 1151 1198 1180 litera
1216 1161 1294 1180 vero
1313 1151 1413 1187 primi
1433 1151 1510 1179 libri
1531 1152 1659 1187 Regum

900 1198 1083 1226 adsumunt
1115 1197 1218 1226 etiam
1254 1197 1458 1226 creationem
1494 1198 1527 1226 et
1564 1198 1660 1233 depo-

900 1243 1055 1272 sitionem
1078 1243 1207 1273 Saulis:
1243 1245 1277 1272 et
1301 1243 1428 1279 dicunt,
1453 1244 1538 1279 quod
1567 1243 1656 1279 Saul,

899 1298 957 1318 rex
999 1289 1255 1324 inthronizatus,
1295 1288 1361 1316 fuit
1398 1288 1564 1324 depositus
1602 1298 1658 1324 per

899 1335 1095 1370 Samuelem,
1125 1334 1182 1370 qui
1210 1334 1282 1362 vice
1313 1333 1374 1362 Dei
1409 1334 1450 1362 de
1483 1336 1657 1369 praecepto
1674 1341 1692 1369 5

898 1381 1120 1417 fungebatur3
1152 1382 1191 1408 ut
1218 1379 1254 1408 in
1282 1379 1381 1408 litera
1408 1381 1507 1414 patet,
1551 1379 1595 1407 Et
1617 1388 1657 1407 ex

898 1426 960 1454 hoc
988 1427 1144 1462 arguunt,
1175 1426 1262 1461 quod
1293 1425 1572 1460 quemadmodum
1598 1424 1656 1453 ille

898 1471 959 1500 Dei
981 1471 1124 1501 vicarius
1147 1470 1382 1500 auctoritatem
1409 1470 1527 1498 habuit
1552 1470 1656 1498 dandi

897 1519 930 1545 et
940 1517 1079 1546 tollendi
1094 1517 1241 1553 regimen
1252 1515 1441 1551 temporale,
1453 1516 1486 1544 et
1501 1515 1536 1544 in
1551 1515 1655 1544 alium

897 1562 1137 1592 transferendi:
1167 1562 1214 1590 sic
1238 1563 1271 1590 et
1295 1570 1388 1589 nunc
1411 1561 1472 1589 Dei
1501 1560 1653 1597 vicarius,
1677 1574 1710 1592 10

898 1608 1063 1637 Ecclesiae
1079 1606 1082 1609 ’
1098 1607 1298 1636 universalis
1324 1606 1475 1642 antistes,
1512 1607 1655 1635 auctori-

897 1655 1001 1682 tatem
1023 1654 1124 1682 habet
1144 1653 1249 1682 dandi
1269 1654 1302 1681 et
1324 1652 1474 1688 tollendi,
1498 1654 1531 1680 et
1552 1652 1654 1681 etiam

896 1699 1122 1728 transferendi
1157 1700 1327 1734 sceptrum
1363 1697 1536 1733 regiminis
1571 1699 1654 1726 tem-

896 1744 1026 1780 poralis.
1069 1744 1119 1772 Ex
1143 1753 1208 1779 quo
1232 1743 1303 1772 sine
1327 1743 1428 1771 dubio
1451 1745 1651 1779 sequeretur,

896 1791 982 1826 quod
1009 1789 1192 1818 auctoritas
1216 1788 1354 1824 Imperii
1379 1789 1588 1825 dependeret,
1614 1792 1653 1818 ut
1675 1799 1683 1816 ι
1687 1797 1704 1825 5

896 1835 1015 1864 dicunt

936 1881 980 1909 Et
1005 1882 1049 1909 ad
1077 1890 1139 1909 noc
1168 1880 1358 1915 dicendum,
1388 1889 1447 1915 per
1474 1879 1652 1916 interemp-

895 1927 1021 1956 tionem
1043 1926 1112 1956 eius
1133 1927 1220 1963 quod
1242 1926 1361 1954 dicunt
1381 1926 1568 1955 Samuelem
1590 1926 1652 1954 Dei

895 1972 1065 2009 vicarium,
1092 1973 1170 2008 quia
1193 1981 1260 2000 non
1284 1973 1323 2000 ut
1347 1971 1499 2008 vicarius,
1525 1973 1582 2001 sed
1610 1974 1650 2000 ut

894 2018 1022 2055 legatus
1049 2018 1199 2054 specialis
1226 2018 1269 2047 ad
1296 2017 1367 2053 hoc,
1398 2017 1467 2046 sive
1493 2017 1647 2054 nunciuS,
1668 2030 1705 2049 20

893 2066 1030 2100 portans
1057 2064 1255 2092 mandatum
1283 2062 1419 2091 Domini
1446 2072 1648 2098 expressum,

894 2109 956 2138 hoc
985 2109 1073 2139 fecit.
1117 2109 1210 2142 Quod
1242 2110 1344 2144 patet,
1379 2108 1458 2144 quin.
1485 2108 1649 2144 quidquid

894 2156 981 2184 Deus
1016 2155 1111 2190 dixit,
1146 2155 1209 2182 hoc
1244 2153 1325 2183 fecit
1363 2154 1478 2190 solum,
1516 2156 1550 2182 et
1586 2153 1647 2182 hoc

893 2201 1017 2230 retulit.

932 2246 1028 2274 Unde
1056 2245 1239 2281 sciendum,
1270 2245 1357 2281 quod
1386 2245 1479 2273 uliud
1502 2246 1551 2273 est
1579 2253 1647 2274 esse
1667 2257 1699 2284 ²5

892 2291 1063 2327 vicarium,
1093 2291 1185 2319 aliud
1214 2293 1263 2319 est
1291 2299 1358 2319 esse
1387 2290 1550 2318 nuncium
1578 2290 1647 2318 sivo

891 2336 1082 2364 ministrum
1095 2347 1101 2373 ;
1123 2335 1210 2364 sieut
1221 2336 1313 2364 aliud
1326 2338 1376 2364 cst
1387 2344 1456 2363 csse
1468 2336 1645 2372 doctorem,

889 2381 982 2410 uliud
997 2383 1046 2410 est
1061 2390 1128 2410 esse
1142 2381 1367 2417 interpretem.
1402 2381 1488 2410 Nam
1502 2380 1647 2409 vicarius

889 2429 948 2464 est,
978 2427 1033 2456 cui
1060 2427 1246 2456 iurisdictio
1279 2436 1356 2455 cum
1383 2427 1454 2462 loge
1482 2427 1534 2455 vel
1569 2436 1646 2455 cum

889 2473 1030 2502 arbitrio
1065 2473 1241 2502 commissa
1273 2474 1339 2509 est;
1375 2475 1408 2501 et
1443 2472 1517 2501 ideo
1554 2472 1647 2501 intra
1663 2485 1702 2512 30

887 2519 1049 2550 terminos
1059 2517 1300 2548 iurisdictionis
1313 2518 1505 2548 commissae
1519 2519 1559 2548 de
1573 2518 1646 2556 lego
