1780 2820
158 125 231 170 368

159 235 211 264 vel
224 236 264 265 de
278 235 417 265 arbitrio
430 238 537 273 potest
557 246 654 272 agere
673 236 762 265 circa
776 236 914 272 aliquid,

160 281 247 316 quod
262 281 415 311 dominus
429 282 567 311 omnino
581 282 723 319 ignorat.
766 282 916 311 Nuncius

160 327 275 355 autem
290 336 358 355 non
378 329 495 364 potest,
511 327 548 356 in
567 330 732 364 quantum
752 327 912 363 nuncius3

107 379 140 405 35
161 373 217 400 sed
239 373 521 408 quemadmodum
543 373 682 402 malleus
703 373 739 402 in
761 373 830 402 sola
852 373 916 402 vir-

159 418 234 446 tute
261 417 348 446 fabri
374 421 538 455 operatur,
568 419 615 448 sic
642 421 675 447 et
701 418 845 448 nuncius
879 419 915 447 in

160 463 228 491 solo
242 463 381 492 arbitrio
396 463 475 501 eius,
492 465 550 500 qui
570 465 678 493 mittit
692 465 797 493 illum.
841 465 915 494 Non

159 507 264 543 igitur
297 509 456 546 sequitur,
486 509 514 538 si
547 511 636 539 Deus
668 519 726 546 per
753 510 916 539 nuncium

160 554 349 583 Samuelem
374 555 455 584 fecit
477 555 549 591 hoe,
576 557 663 591 quod
687 555 830 584 vicarius
854 556 916 585 Dei

103 608 142 634 40
159 599 222 627 hoc
235 600 343 629 facere
357 601 467 636 possit.
511 601 621 630 Multa
640 601 731 630 enim
751 602 839 630 Deus
857 611 916 637 per

160 645 303 682 Angelos
330 646 418 682 fecit,
448 649 481 675 et
507 647 589 675 facit
617 649 649 675 et
677 648 828 676 facturus
854 649 913 683 cst,

161 700 244 727 quae
258 691 402 720 vicarius
416 692 486 729 Dei,
504 692 594 721 Petri
613 701 787 730 successor,
807 693 915 723 facere

159 745 227 764 non
241 739 360 772 posset.

198 783 294 811 Unde
315 786 551 820 argumentum
572 785 714 813 istorum
736 787 785 814 est
803 794 824 813 a
844 786 916 813 toto

102 832 140 860 45
158 827 201 856 ad
214 829 354 864 partem,
370 831 592 858 construendo
603 830 649 858 sic
661 841 667 858 :
688 831 795 858 Homo
806 832 916 866 potest

158 873 275 902 audire
309 875 343 902 et
376 874 507 910 videre3
550 885 625 911 ergo
660 875 774 904 oculus
808 878 916 912 potest

158 919 273 947 audire
288 920 320 948 et
341 919 461 957 videre,
486 923 520 949 et
539 921 602 949 hoc
624 930 691 949 non
714 923 815 951 tenet.
859 922 916 950 Te-

158 966 254 993 neret
275 966 388 993 autem
410 966 614 995 destructive
634 966 698 995 sic:
719 967 827 995 Homo
846 976 914 995 non

157 1011 266 1045 potest
288 1011 407 1046 volare,
431 1020 509 1047 ergo
530 1021 591 1040 nec
611 1011 748 1040 brachia
767 1012 915 1041 hominis

101 1064 139 1090 50
158 1057 298 1091 possunt
322 1056 442 1085 volare.
485 1057 530 1085 Et
554 1057 709 1086 similiter
730 1057 794 1086 sic:
827 1058 916 1086 Deus

158 1111 217 1137 per
243 1101 408 1130 nuncium
432 1102 540 1131 facere
568 1111 637 1130 non
659 1104 776 1138 potest,
803 1103 917 1138 genita

158 1156 229 1175 non
251 1155 319 1176 esse
339 1147 463 1183 genita,
487 1148 583 1176 iuxta
605 1148 806 1177 sententiam
833 1149 916 1185 Aga-

158 1192 290 1228 thonis3
327 1201 403 1229 ergo
437 1202 499 1222 nec
532 1193 677 1223 vicarius
704 1194 775 1223 eius
808 1194 916 1223 facere

158 1239 276 1274 potest.

188 1282 277 1313 V11.
289 1283 480 1313 Adsumunt
488 1284 589 1314 etiam
596 1286 636 1314 de
643 1285 743 1314 litera
751 1285 916 1315 Matthaei

160 1329 333 1366 Magorum
352 1330 564 1366 oblationem,
580 1331 728 1359 (licentes
745 1330 916 1360 Christum

160 1374 322 1411 recepisse
335 1375 436 1404 simul
449 1376 530 1404 thus
543 1378 577 1404 et
590 1385 720 1412 aurum,
736 1377 778 1405 ad
793 1376 917 1413 signifi-

161 1421 308 1449 candum
334 1420 478 1456 seipsum
504 1421 675 1449 dominum
700 1423 734 1450 et
755 1422 917 1458 guberna-

124 1473 141 1500 5
159 1466 266 1493 torem
280 1465 506 1500 spiritualium
525 1467 559 1494 et
578 1466 822 1502 temporalium.
866 1467 916 1495 Ex

160 1518 224 1546 quo
238 1509 399 1546 inferunt,
415 1510 539 1539 Christi
560 1511 723 1539 vicarium
742 1511 916 1540 dominum

160 1557 194 1584 et
207 1556 464 1591 gubernatorem
485 1557 682 1592 eorundem;
705 1558 747 1592 et,
762 1566 822 1592 per
841 1566 916 1585 con-

160 1610 308 1638 sequens,
316 1602 438 1631 habere
447 1604 663 1638 utrorumque
673 1603 914 1632 auctoritatem.

200 1647 253 1675 Ad
277 1647 340 1676 hoo
361 1648 572 1684 respondens,
595 1648 730 1677 literam
753 1648 916 1677 Matthaei

109 1701 143 1720 10
161 1694 195 1721 et
207 1701 342 1721 sensum
356 1693 532 1722 confiteor:
553 1694 611 1722 sed
629 1695 716 1730 quod
735 1703 775 1723 ex
793 1694 853 1722 illa
867 1694 916 1723 in-

160 1739 247 1767 ferre
268 1740 445 1775 conantur,
461 1738 498 1767 in
517 1738 664 1768 termino
683 1739 803 1768 deficit.
847 1740 916 1775 Syl-

159 1783 306 1820 logizant
343 1784 434 1812 enim
466 1784 531 1813 sic:
562 1785 650 1813 Deus
684 1787 735 1813 est
762 1785 918 1814 dominus

160 1829 388 1865 spiritualium
423 1832 456 1859 et
483 1830 735 1866 temporalium:
768 1839 918 1859 summus

162 1876 317 1904 Pontifex
344 1879 394 1905 est
415 1876 559 1906 vicarius
583 1877 664 1913 Dei;
694 1886 770 1913 ergo
794 1879 843 1906 est
864 1878 920 1905 do-

113 1927 144 1955 15
161 1921 274 1950 minus
321 1921 548 1958 spiritualium
592 1924 626 1951 et
671 1922 916 1958 temporalium.

163 1968 312 2004 Utraque
332 1977 477 2005 namque
490 1968 672 2005 propositio
685 1978 764 1997 vera
782 1970 841 2005 est,
862 1969 919 1998 sed

160 2014 309 2043 medium
323 2014 474 2043 variatur
494 2017 528 2043 et
547 2014 701 2051 arguitur
719 2014 756 2042 in
776 2016 920 2050 quatuor

162 2059 327 2096 terminis,
357 2060 394 2088 in
428 2059 548 2096 quibus
575 2060 683 2088 forma
716 2059 920 2096 syllogistica

162 2115 232 2134 non
255 2106 426 2142 salvatur;
458 2107 498 2133 ut
521 2107 614 2141 patet
641 2115 680 2134 ex
704 2105 746 2134 iis
771 2114 854 2141 quae
878 2106 919 2134 de

107 2156 143 2174 20
164 2151 361 2187 Syllogismo
388 2151 593 2187 simpliciter.
636 2151 723 2179 Nam
749 2151 841 2179 aliud
869 2152 920 2179 est

163 2197 261 2233 Deus,
278 2197 365 2232 quod
386 2197 549 2225 subicitur
563 2197 600 2225 in
619 2196 757 2232 maiori;
779 2198 812 2225 et
827 2196 920 2224 aliud

161 2241 307 2271 vicarius
321 2241 391 2278 Dei,
405 2243 492 2278 quod
506 2242 721 2278 praedicatur
734 2242 771 2269 in
787 2241 917 2270 minori.

203 2287 247 2315 Et
268 2287 297 2315 si
318 2287 391 2323 quis
412 2287 554 2315 instaret
575 2287 616 2316 de
636 2286 754 2316 vicarii
768 2286 920 2322 aequiva-

161 2333 278 2369 lentia‚
294 2332 429 2362 inutilis
443 2334 492 2362 est
506 2332 670 2361 instantia
682 2343 688 2367 ς
713 2332 792 2368 quia
805 2332 920 2360 nullus

110 2386 144 2414 25
163 2378 348 2407 vicariatus
374 2378 444 2407 sive
473 2377 616 2413 divinus,
645 2377 713 2406 sive
739 2377 917 2412 humanus,

163 2423 372 2460 aequivalere
386 2425 494 2459 potest
509 2422 688 2459 principali
702 2422 898 2451 auctoritati
913 2433 920 2451 ε

162 2471 249 2506 quod
277 2471 370 2506 patet
391 2470 431 2498 de
455 2469 529 2498 levi.
572 2469 658 2497 Nam
679 2468 809 2504 scimus,
832 2468 920 2504 quod

161 2525 330 2546 successor
356 2515 447 2544 Petri
474 2524 542 2544 non
570 2514 758 2552 aequivalet
785 2513 920 2542 divinae

550 124 621 161 DE
652 124 1016 162 MONARCHIA:
1056 125 1126 162 111.
1153 125 1249 162 CAP.
1273 126 1356 162 6-8.

967 237 1170 274 auctoritati,
1184 238 1302 266 saltem
1315 237 1350 266 in
1362 237 1553 274 operatione
1563 240 1722 275 naturae;

967 292 1035 311 non
1051 282 1141 312 enim
1155 285 1262 318 posset
1276 283 1393 319 facere,
1406 286 1531 312 terram
1545 284 1722 313 ascendere
1739 292 1777 319 3ο

968 336 1109 363 sursum,
1130 338 1192 357 nec
1214 329 1324 364 ignem
1346 330 1543 358 descendere
1557 330 1720 367 deorsum,

966 382 1025 408 per
1039 373 1183 402 officium
1198 373 1261 402 sibi
1275 374 1495 403 commissum.
1538 374 1606 403 Nec
1620 374 1722 404 etiam

969 420 1103 454 possent
1137 419 1250 448 omnia
1285 419 1348 448 sibi
1382 420 1547 449 committi
1580 429 1600 448 a
1634 421 1722 456 Deo;

967 464 1126 501 quoniam
1140 466 1339 500 potestatem
1353 465 1499 500 creandi,
1516 468 1549 494 et
1567 465 1723 494 similiter

967 509 1160 545 baptizandi
1174 509 1270 537 nullo
1288 510 1385 538 modo
1405 511 1493 538 Deus
1515 509 1723 539 committere
1738 514 1772 543 35

967 557 1085 591 posset,
1109 556 1149 583 ut
1174 554 1346 584 evidenter
1365 556 1533 592 probatur,
1556 555 1634 584 licet
1655 554 1724 584 Ma-

967 600 1071 637 gister
1085 600 1293 629 contrarium
1309 600 1431 629 dixerit
1445 600 1481 628 in
1497 602 1622 635 quarto.

1007 647 1138 676 Scimus
1159 647 1271 684 etiam,
1295 647 1382 683 quod
1406 646 1550 675 vicarius
1575 645 1722 675 hominis

967 702 1035 721 non
1050 693 1237 729 aequivalet
1255 693 1295 729 εἰ,
1311 694 1476 729 quantum
1496 691 1533 720 in
1551 692 1612 721 hoc
1632 692 1720 727 quod

967 739 1110 767 vicarius
1124 740 1182 775 est,
1199 739 1277 775 quia
1296 748 1393 767 nemo
1412 740 1520 774 potest
1540 738 1618 766 dare
1632 738 1719 774 quod
1736 746 1777 773 4ο

967 794 1064 813 suum
1092 793 1160 813 non
1189 787 1247 814 est.
1302 783 1492 813 Auctoritas
1524 782 1720 819 principalis

967 839 1035 858 non
1063 832 1112 859 est
1139 830 1302 867 principis
1330 829 1397 858 nisi
1430 829 1474 858 ad
1507 837 1614 864 usum,
1643 828 1722 864 quia

967 876 1082 904 nullus
1099 876 1254 911 princeps
1275 875 1420 911 seipsum
1441 874 1647 903 auctorizare
1667 883 1721 910 po-

967 922 1034 950 test
1046 932 1053 958 3
1075 921 1219 957 recipere
1232 923 1346 949 autem
1365 921 1483 956 potest,
1498 922 1597 955 atque
1611 919 1722 948 dimit-

967 969 1046 1003 tere,
1071 967 1128 995 sed
1153 967 1257 995 alium
1278 975 1389 994 creare
1409 973 1479 992 non
1502 967 1621 1001 potest,
1644 964 1723 1000 quin
1739 972 1777 1002 45

967 1012 1090 1041 creatio
1099 1011 1260 1047 principis
1269 1021 1309 1040 ex
1318 1010 1466 1046 principe
1475 1019 1543 1038 non
1549 1010 1720 1045 dependet.

968 1058 1062 1091 Quod
1075 1057 1103 1086 si
1117 1057 1166 1085 ita
1177 1059 1235 1093 est,
1248 1056 1465 1084 manifestum
1479 1057 1537 1091 est,
1551 1055 1637 1091 quod
1650 1055 1723 1085 nul-

966 1103 1020 1131 lus
1047 1102 1203 1139 princeps
1230 1102 1340 1138 potest
1367 1100 1430 1129 sibi
1454 1100 1654 1129 substituere
1676 1099 1723 1128 vi-

968 1148 1097 1177 carium
1108 1147 1144 1176 in
1154 1147 1308 1176 omnibus
1316 1145 1581 1182 aequivalentem
1593 1155 1599 1183 ;
1621 1154 1722 1182 quare

969 1194 1135 1223 instantia
1148 1193 1280 1222 nullam
1294 1192 1475 1222 efficaciam
1487 1192 1596 1221 habet.
1738 1199 1777 1227 50

1001 1239 1113 1269 VIII.
1130 1240 1218 1268 Item
1226 1239 1409 1268 adsumunt
1418 1239 1459 1266 de
1467 1238 1567 1266 litera
1576 1236 1724 1266 eiusdem

969 1285 1055 1314 illud
1077 1284 1203 1314 Christi
1223 1285 1266 1313 ad
1287 1284 1443 1312 Petrum:
1465 1283 1525 1311 ‘Et
1546 1283 1724 1319 quodcum-

970 1340 1032 1366 que
1052 1329 1207 1366 ligaveris
1229 1338 1327 1365 super
1345 1330 1482 1365 terram,
1497 1327 1561 1356 erit
1580 1327 1723 1364 ligatum

970 1378 1003 1405 et
1014 1376 1050 1405 in
1062 1375 1161 1405 coelis
1171 1386 1178 1411 3
1193 1377 1226 1404 et
1237 1375 1468 1411 quodcumque
1479 1373 1614 1403 solveris
1625 1382 1724 1410 super

969 1423 1104 1458 terram,
1121 1421 1185 1451 erit
1205 1421 1353 1449 solutum
1373 1421 1406 1449 et
1427 1420 1464 1448 in
1484 1419 1582 1449 coelis
1595 1420 1614 1447 ε’
1636 1419 1723 1455 quod
1739 1425 1758 1454 5

969 1467 1071 1496 etiam
1105 1466 1259 1496 omnibus
1293 1465 1459 1501 Apostolis
1492 1474 1560 1495 esse
1595 1465 1723 1493 dictum

968 1512 1133 1548 similiter,
1162 1511 1332 1547 accipiunt
1359 1512 1400 1540 de
1423 1511 1521 1540 litera
1549 1509 1721 1547 Matthaei,

969 1558 1126 1587 similiter
1154 1560 1188 1587 et
1212 1557 1358 1586 Ioannis.
1402 1557 1452 1585 Ex
1476 1566 1540 1592 quo
1564 1557 1721 1592 arguunt,

968 1612 1188 1633 successorem
1209 1602 1300 1632 Petri
1321 1602 1435 1630 omnia
1456 1603 1496 1630 de
1517 1601 1723 1630 concessione

969 1650 1031 1679 Dei
1056 1658 1150 1685 posse
1174 1651 1247 1678 tam
1273 1648 1378 1684 ligare
1406 1656 1507 1683 quam
1533 1647 1668 1683 solvere,
1690 1648 1723 1675 et
1744 1651 1777 1670 ¹0

968 1693 1046 1722 inde
1068 1693 1230 1728 inferunt,
1252 1701 1346 1728 posse
1365 1691 1489 1720 solvere
1509 1691 1597 1727 leges
1616 1692 1649 1719 et
1671 1690 1725 1718 de-

969 1741 1060 1768 creta
1094 1738 1240 1774 Imperii,
1269 1739 1369 1773 atque
1402 1737 1490 1773 leges
1524 1738 1558 1764 et
1591 1737 1725 1765 decreta

969 1785 1073 1821 ligare
1087 1793 1146 1820 pro
1157 1783 1319 1819 regimine
1330 1782 1506 1817 temporali
1517 1792 1524 1818 ς
1538 1782 1628 1810 unde
1641 1782 1724 1810 bene

970 1832 1163 1866 sequeretur
1177 1829 1271 1865 illud,
1287 1829 1374 1864 quod
1388 1828 1515 1857 dicunt.

1011 1877 1055 1904 Et
1069 1875 1249 1904 dicendum
1263 1875 1306 1903 ad
1319 1874 1383 1902 hoc
1397 1883 1456 1909 per
1473 1873 1724 1902 distinctionem
1743 1875 1780 1904 ¹5>

971 1924 1091 1950 contra
1107 1920 1268 1949 maiorem
1285 1919 1476 1955 syllogismi,
1493 1928 1556 1955 quo
1569 1920 1723 1949 utuntur.

972 1967 1176 2003 Syllogizant
1197 1965 1287 1994 enim
1308 1965 1372 1994 sic:
1392 1965 1511 1994 Petrus
1533 1964 1643 2000 potuit
1665 1964 1726 1992 sol-

971 2022 1047 2041 vere
1078 2011 1192 2040 omnia
1223 2013 1256 2040 et
1290 2010 1411 2046 ligare:
1442 2018 1608 2038 successor
1634 2009 1726 2038 Petri

971 2060 1080 2094 potest
1093 2056 1255 2093 quidquid
1275 2056 1392 2084 Petrus
1411 2055 1538 2091 potuit;
1560 2063 1636 2091 ergo
1655 2063 1726 2083 sut-f

972 2112 1078 2132 cessor
1093 2103 1183 2131 Petri
1193 2104 1301 2138 potest
1313 2101 1425 2130 omnia
1435 2102 1559 2130 solvere
1570 2103 1603 2130 et
1613 2101 1724 2137 ligare.
1743 2103 1780 2128 αἱ

972 2149 1069 2178 Unde
1093 2148 1255 2183 inferunt,
1278 2147 1513 2175 auctoritatem
1537 2147 1571 2175 et
1595 2147 1727 2175 decreta
1776 2163 1780 2180 ;

974 2193 1111 2230 Imperii
1125 2193 1249 2222 solvere
1264 2194 1297 2221 et
1310 2193 1415 2228 ligare
1429 2192 1538 2228 ipsum
1550 2200 1652 2228 posse.

1013 2240 1178 2268 Minorem
1201 2239 1352 2274 concedo,
1375 2237 1535 2266 maiorem
1558 2247 1635 2266 vero
1658 2246 1727 2266 non
1776 2269 1780 2272 Δ

973 2285 1045 2314 sine
1060 2284 1285 2314 distinctione.
1329 2284 1372 2312 Et
1386 2283 1459 2312 ideo
1470 2283 1552 2320 dico,
1568 2283 1655 2319 quod
1664 2282 1726 2311 hoc

971 2331 1105 2367 signum
1120 2329 1308 2359 universale
1324 2329 1331 2343 ‘
1343 2329 1469 2365 Omne‚’
1483 2329 1571 2364 quod
1585 2327 1727 2357 includi·
1742 2327 1780 2360 25'

971 2379 1029 2405 tur
1039 2376 1076 2404 in
1090 2375 1352 2411 ‘quodcumque‚’
1363 2383 1547 2410 numquam
1556 2372 1727 2402 distribuit

971 2424 1068 2452 extra
1080 2421 1245 2450 ambitum
1264 2419 1403 2450 termini
1420 2419 1599 2448 distributi.
1641 2419 1727 2448 Nam

972 2467 1000 2495 si
1015 2466 1106 2495 dico:
1122 2466 1244 2494 ‘Omne
1259 2465 1388 2493 animal
1402 2464 1508 2492 currit
1523 2464 1544 2499 ;’
1568 2471 1653 2492 mnne
1663 2462 1727 2492 dis-

972 2512 1094 2541 tribuit
1120 2521 1180 2548 pro
1215 2511 1308 2540 omni
1335 2519 1372 2540 eo
1399 2511 1486 2547 quod
1517 2510 1579 2539 sub
1609 2517 1727 2546 genere
