1780 2820
142 127 213 172 360

516 126 587 162 DE
617 125 986 163 MONARCHIA:
1024 126 1074 162 11.
1102 126 1196 163 CAP.
1221 138 1256 173 9,
1278 138 1330 163 10.

142 238 212 266 Hoc
238 237 339 266 etiam
363 237 593 266 testimonium
615 237 766 273 perhibet
790 236 898 265 scriba

74 290 126 309 100
144 282 268 312 Christi
292 283 406 319 Lucas,
432 282 489 318 qui
513 282 626 311 omnia
644 290 722 311 vera
745 282 836 318 dicit,
861 281 897 310 in

142 329 203 358 illa
222 330 316 364 parte
335 329 387 357 sui
407 328 546 365 eloquii:
574 328 704 357 ‘Exivit
718 328 864 357 edictum
878 337 899 356 a

144 374 282 403 Caesare
290 374 451 410 Augusto,
469 376 508 402 ut
517 373 758 402 describeretur
768 373 899 402 univer-

141 428 196 448 sus
215 419 323 449 orbis!
364 419 406 447 In
421 419 539 455 quibus
552 418 659 447 verbis
677 418 899 447 universalem

143 465 263 493 mundi
283 464 550 493 iurisdictionem
568 466 650 493 tunc
675 465 900 493 Romanorum

76 513 126 542 105
144 510 256 546 fuisse,
272 512 385 546 aperte
400 509 585 546 intelligere
598 517 778 546 possumus.

198 555 248 584 Ex
276 555 397 591 quibus
425 555 578 584 omnibus
605 555 822 584 manifestum
850 556 899 584 est

143 602 230 637 quod
254 602 424 629 Romanus
447 600 589 636 populus
611 600 745 629 cunctis
767 600 900 629 athleti-

143 646 298 675 zantibus
317 655 377 682 pro
390 645 535 681 Imperio
554 645 673 674 mundi
693 645 879 682 praevaluit
894 657 901 674 :

143 701 220 728 crgo
235 692 276 720 de
297 691 412 720 divino
432 691 555 719 iudicio
575 690 771 727 praevaluit,
787 693 821 719 et
842 700 901 726 per

76 744 127 763 110
143 745 348 773 consequens
376 737 415 765 de
451 736 565 764 divino
598 736 723 765 iudicio
755 735 901 764 obtinuit

143 783 231 819 quod
246 784 296 811 est
310 783 350 811 de
364 782 437 811 iure
450 782 640 811 obtinuisse.

183 827 229 857 X.
257 829 300 857 Et
329 828 415 864 quod
442 837 502 863 per
527 827 676 855 ducllum
699 827 899 863 adquiritur,

144 875 184 902 de
219 874 291 902 iure
325 873 523 909 adquiritur.
578 873 664 902 Nam
698 873 901 908 ubicumque

143 920 332 948 humanum
351 918 514 947 iudicium
539 918 660 954 deficit,
676 919 729 947 vel
748 918 901 954 ignoran-

143 965 210 994 tiae
225 964 371 993 tenebris
385 963 584 999 involutum,
597 963 651 992 vel
660 965 795 999 propter
809 972 901 999 prae-

109 1012 127 1041 5
145 1010 269 1039 sidium
292 1009 413 1037 iudicis
436 1017 504 1037 non
530 1009 671 1045 habere;
703 1017 745 1037 110
770 1008 902 1037 iustitia

145 1054 304 1083 derelicta
324 1055 506 1089 remaneat,
528 1054 770 1082 recurrendum
789 1055 839 1082 est
858 1054 902 1082 ad

146 1100 249 1128 Illum
270 1099 327 1135 qui
347 1100 484 1127 tantum
508 1107 582 1127 eam
606 1098 727 1128 dilexit
751 1100 791 1127 ut
813 1099 901 1134 quod

146 1146 218 1181 ipsa
241 1145 390 1181 exigebat
413 1145 453 1173 de
485 1145 616 1180 proprio
644 1144 807 1180 sanguine
834 1144 902 1180 ipse

146 1190 318 1219 moriendo
359 1190 532 1226 supplevit.
595 1190 692 1219 Unde
733 1190 902 1218 Psalmus:

97 1241 131 1260 ¹0
149 1237 280 1265 ‘Iustus
313 1236 475 1265 Dominus
509 1238 542 1264 et
578 1236 728 1264 iustitias
766 1235 903 1264 dilexit!

147 1282 218 1310 Hoc
240 1283 353 1310 autem
377 1281 425 1317 fit,
448 1290 551 1316 quum
574 1282 614 1310 de
636 1281 739 1310 libero
762 1282 904 1310 adsensu

146 1327 303 1363 partium,
324 1335 393 1355 non
414 1326 498 1362 odio,
524 1327 580 1355 sed
603 1335 714 1355 amore
743 1326 900 1363 iustitiae,

146 1381 206 1409 per
232 1372 355 1401 virium
381 1374 453 1400 tam
480 1372 586 1400 animi
620 1381 722 1407 quam
756 1371 902 1407 corporis

147 1420 302 1446 mutuam
326 1417 539 1453 collisionem,
563 1417 716 1446 divinum
740 1417 903 1446 iudicium

100 1472 131 1499 15
147 1463 344 1499 postulatur.
389 1463 496 1496 Quam
522 1463 658 1499 quidem
686 1463 901 1499 collisionem,

148 1508 227 1544 quia
250 1508 407 1544 primitus
428 1508 530 1537 unius
551 1509 595 1537 ad
614 1517 723 1536 unum
743 1508 810 1536 fuit
832 1508 903 1544 ipsa

147 1555 296 1591 inventa,
313 1554 462 1583 duellum
475 1553 688 1590 appeIMus.

188 1601 253 1629 Sed
266 1609 395 1635 semper
415 1599 599 1628 cavendum
613 1601 671 1636 est,
687 1601 726 1627 ut
748 1600 903 1635 quemad-

148 1646 284 1673 modum
298 1645 335 1672 in
348 1645 446 1673 rebus
457 1644 584 1672 bellicis
597 1644 691 1680 prius
704 1645 817 1673 omnia
830 1647 904 1674 ten-

98 1704 135 1722 20
149 1691 254 1719 tanda
267 1691 347 1719 sunt
356 1699 415 1725 per
428 1689 702 1724 disceptationem
712 1691 901 1727 quamdam,

151 1738 184 1765 et
209 1735 368 1764 ultimum
398 1743 458 1770 per
481 1734 645 1770 proelium
673 1734 903 1763 dimicandum

151 1783 211 1818 est,
233 1783 273 1809 ut
300 1781 430 1809 Tullius
458 1781 491 1808 et
513 1780 669 1816 Vegetius
696 1781 904 1809 concorditer

152 1826 373 1862 praecipiunt,
388 1825 445 1854 hic
459 1825 497 1853 in
519 1826 567 1854 Re
588 1825 738 1862 militari,
754 1825 812 1854 ille
826 1835 904 1855 vero

150 1873 189 1901 in
217 1872 359 1907 Officiis;
389 1873 422 1900 et
450 1871 731 1906 quemadmodum
757 1871 795 1900 in
823 1881 905 1900 cura

100 1928 133 1954 25
151 1917 346 1947 medicinali
365 1918 445 1945 ante
466 1916 592 1944 ferrum
612 1918 646 1944 et
665 1916 778 1953 ignem
792 1917 904 1945 omnia

151 1963 354 2000 experienda
378 1963 470 1999 sunt,
496 1963 529 1990 et
553 1962 597 1990 ad
620 1961 684 1990 hoc
707 1962 829 1990 ultimo
856 1972 905 1992 re·

151 2009 375 2044 currendum3
416 2007 464 2036 sic
501 2007 656 2036 omnibus
692 2007 758 2036 viis
799 2007 905 2037 inves-

149 2054 264 2091 tigatis
287 2063 346 2090 pro
372 2053 495 2081 iudicio
522 2053 562 2081 de
588 2053 649 2082 lite
676 2053 837 2090 habendo,
862 2054 905 2081 ad

152 2101 216 2129 hoc
237 2100 422 2128 remedium
444 2100 565 2128 ultimo
587 2101 731 2135 quadam
758 2100 906 2129 iustitiae

99 2154 136 2180 30
154 2145 351 2174 necessitate
365 2145 471 2174 coacti
485 2154 705 2174 recurramus.

192 2192 266 2220 Duo
290 2191 396 2227 igitur
418 2191 575 2219 formalia
599 2191 703 2220 duelli
723 2193 907 2227 apparent:

152 2245 260 2265 unum
273 2236 336 2264 hoc
355 2236 442 2271 quod
462 2245 554 2264 nunc
569 2236 698 2264 dictum
711 2238 761 2264 est
774 2247 780 2272 ;
802 2236 904 2273 aliud,

153 2283 240 2318 quod
268 2281 417 2317 superius
444 2282 664 2317 tnngebaturz
697 2281 834 2317 scilicet,
867 2283 906 2309 ut

154 2337 223 2357 non
238 2327 321 2364 odio,
338 2336 405 2355 11011
420 2336 539 2363 amore,
560 2327 617 2355 sed
638 2327 705 2356 solo
725 2327 794 2356 zelo
813 2327 907 2355 iusti-

101 2383 135 2411 35
152 2373 228 2409 tiae,
245 2373 285 2401 de
305 2372 475 2401 communi
495 2373 638 2400 adsensu
658 2372 828 2408 agonistae
849 2380 907 2400 seu

153 2418 336 2446 duelliones
355 2416 555 2452 palaestram
575 2416 819 2453 ingrediantur.
863 2417 907 2445 Et

152 2464 286 2498 propter
306 2461 369 2489 hoc
393 2461 477 2489 bene
497 2461 634 2497 Tullius,
658 2470 761 2497 quum
783 2462 822 2490 (10
843 2461 907 2490 hac

152 2506 293 2535 materia
307 2507 479 2542 tangerem
501 2506 673 2541 inquiebat
689 2506 780 2534 enim
797 2517 804 2535 τ
826 2507 907 2535 ‘Sed

952 238 1037 266 bella
1068 238 1187 273 quibus
1215 237 1351 274 Imperii
1385 246 1506 266 corona
1537 236 1704 272 proposita

950 286 1008 319 est,
1024 283 1135 311 minus
1150 284 1265 312 acerbe
1279 283 1424 319 gerenda
1438 283 1537 311 sunt.'
1718 287 1757 314 ⁴⁰

991 329 1083 363 Quod
1110 329 1137 358 si
1164 329 1319 358 formalia
1346 327 1449 357 duelli
1472 330 1603 357 servata
1624 331 1704 368 sunt

950 375 1061 409 (aliter
1074 375 1164 403 enim
1182 375 1331 403 duellum
1351 383 1418 403 non
1437 375 1540 410 esset),
1557 373 1704 403 iustitiae

951 420 1145 449 necessitate
1167 421 1207 448 de
1229 419 1397 448 communi
1416 420 1557 448 adsensu
1572 428 1705 455 congre-

952 466 1022 502 gati
1052 468 1186 502 propter
1213 466 1320 494 zelum
1348 465 1506 501 iustitiae,
1530 473 1641 494 nonne
1668 465 1705 493 in

951 511 1086 540 nomine
1107 512 1167 540 Dei
1188 511 1379 547 congregati
1399 511 1503 540 sunt?
1543 510 1587 539 Et
1605 510 1634 539 si
1647 510 1704 547 sic,
1721 517 1758 546 45

952 566 1063 586 11011110
1084 558 1172 586 Deus
1193 557 1228 585 in
1249 557 1357 586 medio
1376 556 1510 585 illorum
1529 558 1587 592 est,
1603 564 1706 592 quum

951 602 1019 638 ipse
1040 602 1076 630 in
1101 602 1282 638 Evangelio
1304 602 1398 631 nobis
1421 602 1483 630 hoc
1507 601 1706 638 promittat?

953 648 996 676 Et
1016 648 1043 676 si
1066 648 1152 676 Deus
1172 648 1276 684 adest,
1304 657 1414 676 nonne
1435 648 1529 676 nefas
1550 650 1599 676 est
1621 647 1707 676 arbi-

952 693 1036 722 trari
1055 693 1218 722 iustitiam
1239 693 1452 722 succumbere
1467 693 1581 729 posse?
1605 701 1706 728 quam

953 740 1022 775 ipse
1036 740 1072 768 in
1088 741 1223 768 tantum
1237 739 1357 776 diligit,
1374 741 1539 775 quantum
1554 738 1706 775 superius
1722 747 1760 774 50

954 787 1179 820 praenotatur.
1235 785 1279 813 Et
1306 784 1335 813 si
1360 784 1490 813 iustitia
1524 784 1561 812 in
1596 783 1707 813 duello

953 831 1165 860 succumbere
1193 831 1317 867 nequit,
1342 839 1453 859 nonne
1482 831 1522 859 de
1550 830 1623 859 iure
1650 830 1708 859 ad-

954 875 1100 912 quiritur
1113 876 1199 911 quod
1214 884 1272 911 per
1286 876 1436 904 duellum
1450 875 1662 911 adquiritur?

993 922 1089 950 Hanc
1117 922 1291 950 veritatem
1326 922 1427 950 etiam
1454 921 1595 958 gentiles
1628 922 1707 950 ante
1733 927 1738 932 ·

954 968 1070 996 tubam
1084 967 1321 1003 Evangelicam
1336 967 1586 1003 cognoscebant,
1603 975 1706 1002 quum
1722 975 1757 1004 55

954 1012 1115 1041 iudicium
1142 1021 1163 1040 a
1189 1012 1325 1040 fortuna
1359 1011 1462 1040 duelli
1493 1012 1704 1047 quaerebant.

955 1059 1052 1087 Unde
1078 1058 1161 1086 bene
1196 1057 1344 1093 Pyrrhus
1371 1057 1437 1094 ille,
1465 1059 1536 1086 tam
1562 1057 1709 1087 moribus

954 1102 1174 1132 Aeacidarum
1202 1111 1302 1138 quam
1329 1102 1493 1139 sanguine
1517 1111 1705 1139 generosus,

955 1157 1058 1184 quum
1070 1147 1185 1184 Legati
1200 1148 1426 1176 Romanorum
1436 1156 1496 1184 pro
1506 1147 1710 1177 redimendis

955 1193 1094 1230 captivis
1134 1194 1178 1222 ad
1215 1193 1312 1222 illum
1346 1193 1438 1222 missi
1475 1193 1624 1230 fuerunt,
1660 1202 1710 1222 re-
1724 1193 1765 1222 60

955 1239 1110 1276 spondit:

977 1321 1064 1349 ‘Nec
1086 1319 1133 1348 mi
1154 1329 1274 1348 aurum
1294 1327 1398 1355 posco,
1414 1328 1476 1347 nec
1496 1319 1543 1347 mi
1562 1319 1709 1355 pretium

1074 1365 1252 1402 dederitis;

996 1412 1071 1440 Non
1105 1412 1331 1447 cauponantes
1365 1410 1498 1447 bellum,
1527 1411 1583 1439 sed
1617 1410 1709 1439 belli-

1073 1459 1250 1493 gerantes:

995 1504 1104 1539 Ferro,
1146 1511 1215 1531 non
1255 1511 1344 1539 aure,
1387 1502 1493 1531 vitam
1533 1511 1709 1531 cernamus

1073 1548 1216 1584 utrique.

995 1595 1103 1623 Vosne
1136 1594 1226 1630 velit,
1263 1602 1307 1622 an
1341 1602 1395 1622 me
1435 1602 1575 1629 regnare
1609 1594 1708 1631 Hera,
1726 1591 1763 1626 65

1075 1639 1196 1675 quidve
1210 1639 1298 1668 ferat
1313 1647 1391 1675 sors,

996 1685 1127 1714 Virtute
1142 1685 1359 1720 experiamur.
1402 1685 1447 1713 Et
1467 1684 1530 1714 hoc
1544 1685 1645 1714 simul
1658 1694 1711 1715 ac-

1074 1731 1145 1767 cipe
1159 1730 1287 1759 dictum
1299 1741 1306 1759 :

997 1777 1143 1811 Quorum
1156 1776 1276 1805 virtuti
1288 1776 1368 1804 belli
1381 1776 1518 1804 fortuna
1531 1776 1688 1814 pepercit,

996 1822 1188 1850 Eorundem
1202 1830 1255 1850 me
1268 1821 1419 1850 libertati
1432 1829 1567 1858 parcere
1581 1823 1710 1850 certum

1075 1868 1133 1898 est.

996 1913 1090 1941 Dono
1105 1912 1238 1941 ducite)

957 2009 1047 2038 Haec
1057 2009 1212 2045 Pyrrhus.
1245 2010 1370 2038 Her-am
1381 2009 1518 2038 vocabat
1529 2009 1710 2046 fortunam,
1727 2021 1764 2051 ⁷0
1778 2020 1780 2022 ¹

958 2064 1059 2091 quam
1073 2063 1208 2084 causam
1221 2055 1341 2084 melius
1362 2057 1395 2084 et
1415 2055 1538 2084 rectius
1556 2063 1617 2084 nos
1631 2055 1714 2084 divi-

958 2109 1038 2128 nam
1070 2100 1314 2136 providentiam
1347 2100 1561 2136 appellamus.
1616 2101 1713 2129 Unde

958 2148 1098 2174 caveant
1130 2146 1267 2182 pugiles,
1296 2155 1338 2174 ne
1365 2146 1472 2181 pretio
1505 2146 1714 2175 constituant

958 2191 1022 2220 sibi
1033 2200 1168 2220 causam
1182 2201 1188 2219 ε
1209 2191 1287 2226 quia
1301 2200 1368 2219 non
1382 2193 1466 2220 tunc
1481 2191 1639 2228 duellum,
1654 2192 1713 2221 sed

958 2236 1070 2265 forum
1088 2236 1260 2272 sanguinis
1279 2238 1313 2264 et
1330 2236 1518 2265 iniustitiae
1533 2236 1713 2266 dicendum
1729 2244 1763 2274 75

958 2283 1051 2317 esset,
1071 2290 1133 2309 nec
1154 2283 1238 2309 tunc
1259 2281 1384 2310 arbiter
1403 2282 1492 2310 Deus
1513 2282 1625 2311 adesse
1645 2291 1712 2311 cre-

959 2327 1067 2362 datur,
1083 2327 1140 2355 sed
1159 2326 1216 2355 1110
1230 2326 1389 2362 antiquus
1407 2326 1521 2363 hostis,
1537 2327 1594 2363 qui
1612 2327 1712 2364 litigii

959 2372 1068 2400 fuerat
1101 2379 1280 2407 persuasor.
1336 2371 1492 2400 Habeant
1519 2381 1656 2409 semper,
1684 2371 1713 2400 si

959 2416 1142 2445 duelliones
1163 2424 1230 2444 esse
1250 2417 1378 2452 volunt,
1400 2425 1467 2444 non
1485 2417 1657 2454 sanguinis
1677 2419 1712 2446 et

959 2461 1145 2490 iniustitiae
1159 2463 1368 2498 mercatores,
1381 2461 1418 2489 in
1432 2462 1515 2491 ostio
1528 2463 1711 2498 palaestrae
1726 2466 1766 2493 80

959 2508 1038 2534 ante
1065 2507 1174 2535 oculos
1203 2507 1378 2543 Pyrrhum,
1409 2508 1465 2543 qui
1492 2517 1552 2543 pro
1576 2508 1713 2544 imperio
