1780 2820
184 158 256 196 370

185 259 357 288 multoties
373 259 550 296 increpuit,
567 268 671 296 quum
684 259 788 289 inscie
806 267 938 296 respon·

187 305 287 335 deret.
314 304 377 334 Hic
388 307 500 334 autem
511 314 578 334 non
590 304 679 342 fecit,
690 305 746 334 sed
755 304 938 341 acquievit:

129 348 170 377 60
186 349 300 379 dicens
328 349 376 379 ei:
419 349 526 379 ‘Satis
552 351 602 379 est
613 360 619 386 ;
631 350 638 364 ’
671 349 766 387 quasi
793 349 938 380 diceret:

187 395 337 435 ‘Propter
345 395 576 424 necessitatem
587 394 676 432 dico;
690 396 747 424 sed
757 395 786 425 si
797 395 937 432 quilibet

185 439 306 469 habere
321 449 390 469 non
404 442 521 477 potest,
537 441 602 470 duo
616 441 764 470 sufficere
777 442 937 477 possunt.’

225 485 269 515 Et
283 486 370 521 quod
384 486 502 515 Petrus
516 486 557 515 de
570 492 662 515 more
674 486 718 515 ad
730 486 936 522 superficiem

184 531 382 568 loqueretur,
397 531 515 568 probat
529 531 599 560 eius
612 531 736 560 festina
749 533 783 560 et
796 531 937 568 imprae-

130 579 166 614 65
183 575 346 605 meditata
354 575 587 612 praesumptio,
595 577 637 605 ad
646 585 746 612 quam
751 585 819 605 non
828 577 935 606 solum

183 619 260 649 fidei
279 620 454 650 sinceritas
472 620 671 657 impellebat,
688 622 754 658 sed,
769 623 808 650 ut
827 623 933 659 credo,

182 665 313 701 puritas
338 668 372 695 et
398 666 593 702 simplicitas
619 667 794 697 naturalis.
837 667 935 697 Hanc

183 719 279 740 suam
312 712 615 748 praesumptionem
651 712 776 743 scribae
810 713 934 743 Christi

183 758 354 786 testantur
372 767 494 788 omnes.

131 811 167 838 70
222 802 345 831 Scribit
363 806 475 832 autem
496 804 694 842 Matthaeus,
717 813 819 841 quum
840 805 934 834 Iesus

181 847 418 886 interrogasset
432 849 628 886 discipulos:
651 851 773 885 ‘Quem
793 860 846 880 me
865 860 933 880 esse

181 893 294 924 dicitis
302 895 316 923 P
326 895 332 909 ’
353 894 491 924 Petrum
499 897 578 925 ante
588 903 702 925 omnes
712 896 916 932 respondisse
926 908 932 926 :

183 939 251 969 ‘Tu
269 948 303 969 es
318 940 478 978 Christus,
494 941 584 971 filius
603 941 666 971 Dei
678 941 767 972 vivi.’
807 941 931 970 Scribit

181 986 284 1015 etiam
312 987 409 1023 quod,
435 996 539 1023 quum
560 987 712 1017 Christus
735 987 863 1016 diceret
883 988 932 1016 di-

131 1036 163 1065 75
181 1029 316 1065 scipulis
330 1030 409 1066 quia
421 1032 593 1067 oportebat
607 1040 683 1060 eum
697 1031 746 1060 ire
758 1031 796 1060 in
811 1031 932 1060 Hieru-

179 1075 284 1104 salem
305 1078 338 1104 et
358 1076 468 1106 multa
486 1076 578 1114 pati3
607 1077 727 1106 Petrus
744 1077 932 1115 adsumpsit

180 1129 257 1149 eum
280 1122 314 1149 et
341 1121 448 1157 coepit
473 1121 644 1159 increpare
667 1121 776 1159 illum,
799 1123 930 1152 dicens:

182 1165 292 1195 ‘Absit
313 1175 334 1195 a
353 1168 395 1204 te,
411 1167 570 1205 Domine;
591 1176 659 1196 non
680 1167 744 1198 erit
763 1167 827 1197 tibi
846 1169 930 1198 hoc.'

178 1210 231 1239 Ad
246 1221 344 1247 quem
359 1212 518 1249 Christus,
530 1213 741 1250 redarguens,
754 1222 930 1243 conversus

122 1259 162 1286 80
178 1256 283 1286 dixit:
305 1257 415 1286 ‘Vade
428 1259 502 1294 post
515 1267 577 1295 me,
593 1259 737 1289 Satana'

217 1302 304 1331 Item
321 1303 445 1340 scribit,
461 1304 549 1339 quod
568 1304 606 1333 in
625 1306 739 1334 monte
751 1304 929 1342 transfigu-

175 1347 326 1385 rationis,
347 1348 384 1377 in
405 1351 584 1385 conspectu
603 1349 738 1387 Christi,
759 1350 875 1387 Moysi,
895 1353 929 1380 et

176 1393 303 1431 Heliae,
339 1395 373 1423 et
406 1394 548 1423 duorum
580 1394 726 1424 filiorum
756 1396 926 1433 Zebedaei,

176 1438 281 1468 dixit:
304 1438 473 1476 ‘Domine,
489 1440 614 1469 bonum
628 1442 678 1469 est
691 1448 753 1470 nos
770 1441 826 1469 hic
841 1450 908 1470 esse
921 1453 927 1471 :

121 1484 159 1518 85
174 1483 203 1512 si
217 1483 275 1521 vis,
291 1484 454 1514 faciamus
471 1485 528 1514 hic
541 1485 609 1514 tria
622 1486 848 1524 tabernacula,
863 1487 927 1516 tibi

174 1538 290 1567 unum,
307 1530 414 1566 Moysi
426 1539 544 1567 unum,
559 1532 593 1560 et
606 1531 723 1560 Heliae
736 1533 864 1562 unum.²

212 1576 301 1604 Item
310 1575 433 1613 scribit,
441 1577 530 1612 quod
539 1586 643 1613 quum
652 1577 807 1614 discipuli
815 1580 926 1607 essent

172 1621 210 1650 in
233 1621 389 1651 navicula
408 1623 558 1658 tempore
577 1623 694 1660 noctis,
716 1625 751 1652 et
774 1623 926 1653 Christus

172 1669 360 1697 ambularet
393 1677 492 1704 super
525 1678 656 1706 aquam,
686 1669 805 1699 Petrus
838 1670 925 1699 dixit

117 1721 157 1749 90
174 1713 345 1750 ‘Domina
360 1713 390 1743 si
408 1716 448 1743 tu
468 1723 510 1752 es,
526 1714 602 1744 iube
622 1724 675 1745 me
695 1715 739 1744 ad
758 1717 792 1745 te
811 1716 925 1746 venire

171 1767 271 1796 super
283 1760 404 1796 aquas!

211 1805 300 1834 Item
312 1805 435 1842 scribit,
449 1806 537 1842 quod
551 1814 655 1842 quum
669 1805 820 1835 Christus
832 1814 925 1843 prae-

171 1850 350 1880 nunciaret
395 1851 592 1880 scandalum
635 1850 807 1887 discipulis
844 1851 923 1890 suis,

171 1896 290 1925 Petrus
302 1896 492 1932 respondit:
514 1896 607 1925 ‘Etsi
626 1905 742 1926 omnes
761 1897 926 1926 scandali-

117 1950 155 1980 95
171 1942 239 1970 zati
264 1942 392 1971 fuerint
417 1942 455 1971 in
481 1944 524 1979 te,
547 1952 607 1979 ego
629 1950 805 1979 nunquam
829 1951 925 1973 scan-

170 1987 357 2018 dalizabor!
398 1987 442 2017 Et
451 1987 542 2017 infra
554 1999 560 2017 :
576 1988 732 2017 ‘Etiamsi
741 1989 924 2025 oportuerit

168 2041 222 2062 me
235 2033 320 2062 mori
333 2035 453 2071 tecum,
469 2042 539 2062 non
558 2035 592 2063 te
611 2035 757 2070 negabo.’
797 2033 842 2064 Et
859 2034 923 2064 hoc

168 2078 271 2108 etiam
298 2081 506 2109 contestatur
529 2079 669 2109 Marcus.
711 2079 819 2109 Lucas
845 2089 922 2109 vero

166 2124 283 2153 scribit
320 2124 456 2154 Petrum
490 2124 594 2154 etiam
628 2124 749 2154 dixisse
777 2125 919 2162 Christo,

101 2182 152 2201 100
167 2178 286 2205 parum
307 2179 408 2206 supra
421 2171 520 2199 verba
533 2170 713 2206 praemissa
726 2170 767 2199 de
781 2170 900 2206 gladiis
915 2182 922 2200 z

169 2216 176 2230 ‘
185 2215 336 2252 Domine,
351 2217 463 2244 tecum
476 2217 614 2251 paratus
626 2224 700 2244 sum
714 2217 748 2244 et
762 2215 799 2243 in
813 2225 920 2245 carce-

165 2269 237 2289 rem
251 2262 284 2289 et
298 2260 335 2289 in
348 2262 489 2290 mortem
503 2260 571 2290 ire.'

204 2306 348 2335 Ioannes
362 2308 475 2334 autem
489 2306 571 2335 dicit
586 2307 626 2335 de
640 2306 697 2334 illo
711 2308 800 2343 quod
814 2315 918 2343 quum
943 2324 945 2329 .

164 2351 317 2381 Christus
336 2351 436 2381 vellet
455 2352 518 2381 sibi
538 2352 649 2381 lavare
670 2353 777 2389 pedes,
801 2352 918 2382 Petrus

97 2404 147 2432 105
163 2396 232 2426 ait:
255 2396 418 2433 ‘Domine,
434 2399 472 2425 tu
486 2396 571 2424 mihi
590 2397 682 2426 lavas
695 2398 832 2433 pedes?’
873 2398 917 2426 Et

85 2435 91 2442 ⁶
162 2442 272 2471 infra:
321 2441 413 2470 ‘Non
454 2441 579 2471 lavabis
619 2442 703 2470 mihi
744 2444 842 2479 pedes
878 2443 914 2471 in

161 2487 357 2518 aeternum!

202 2532 294 2563 Dicit
319 2532 424 2564 etiam
450 2532 559 2570 ipsum
580 2533 691 2570 gladio
718 2534 913 2570 percussisse
938 2562 941 2576 Ι

557 147 629 185 DE
657 145 1025 186 MONARCHIA:
1062 146 1134 184 111.
1160 146 1256 184 Cir».
1280 158 1316 193 9,
1335 157 1394 184 10.

962 266 964 272 ‘
989 258 1137 288 ministri
1146 267 1279 288 servum
1292 269 1299 287 :
1319 258 1407 294 quod
1416 257 1519 287 etiam
1528 256 1743 286 conscribunt

990 312 1106 333 omnes
1121 306 1272 340 quatuor.
1764 313 1773 332 ι

1028 349 1122 378 Dicit
1138 349 1241 378 etiam
1260 349 1404 378 Ioannes
1424 348 1534 384 ipsum
1554 347 1742 377 introivisse

988 394 1107 431 subito,
1139 403 1242 431 quum
1277 394 1370 423 venit
1403 393 1439 423 in
1473 395 1740 429 monumentum,

987 439 1105 470 videns
1117 441 1222 470 alium
1243 439 1443 476 discipulum
1458 440 1678 469 cunctantem
1698 439 1741 468 ad

987 486 1119 516 ostium.

1026 532 1119 561 Dicit
1142 532 1267 561 iterum
1291 532 1377 568 quod
1399 530 1578 560 exsistente
1603 530 1679 559 Iesu
1703 530 1739 558 in
1761 539 1780 558 ι]

987 575 1093 613 litore,
1109 579 1184 612 post
1203 575 1489 611 resurrectionem,
1505 583 1609 611 quum
1624 574 1742 603 Petrus

987 622 1132 650 audisset
1146 622 1225 658 quia
1239 621 1401 650 Dominus
1421 622 1514 655 esset,
1531 619 1647 648 tunica
1667 619 1741 648 sub-

986 667 1092 695 cinxit
1107 676 1140 696 se
1154 669 1237 704 (erat
1251 666 1341 696 enim
1356 667 1486 702 nudus),
1502 668 1535 695 et
1550 665 1642 694 misit
1655 674 1689 694 se
1705 665 1739 693 in

986 721 1085 742 mare.

1026 759 1153 788 Ultimo
1163 759 1245 788 (licit
1259 759 1347 795 quod
1362 767 1466 795 quum
1477 758 1595 788 Petrus
1603 757 1739 786 vidisset
1759 768 1780 788 ιι

985 804 1154 841 Ioannem,
1167 804 1253 833 dixit
1265 805 1341 834 Iesu
1353 815 1360 834 ε
1382 805 1388 820 ‘
1399 804 1548 840 Domine,
1559 803 1615 832 hic
1625 805 1739 832 autem

985 850 1102 886 quid?’

1024 896 1124 926 Iuvat
1148 896 1268 932 quippe
1290 895 1374 925 talia
1399 896 1439 924 de
1462 895 1740 924 Archimandrita

983 942 1097 969 nostro
1110 941 1146 969 in
1166 941 1300 970 laudem
1314 949 1394 969 suae
1413 940 1571 976 puritatis
1584 940 1736 969 continu-

983 993 1062 1022 asse,
1070 986 1107 1014 in
1121 985 1361 1022 quibusaperte
1370 985 1638 1020 deprehenditur,
1649 986 1735 1021 quod
1755 994 1780 1012 ια

982 1040 1086 1067 quum
1097 1032 1137 1061 de
1146 1032 1273 1061 duobus
1283 1031 1402 1068 gladiis
1410 1031 1615 1068 loquebatur,
1627 1031 1737 1060 inten-

981 1076 1073 1106 tione
1087 1077 1234 1113 simplici
1247 1077 1468 1113 respondebat
1482 1076 1525 1105 ad
1537 1075 1716 1106 Christum.

1022 1122 1116 1156 Quod
1149 1122 1178 1151 si
1204 1123 1306 1151 verba
1337 1122 1398 1151 illa
1425 1121 1548 1151 Christi
1582 1123 1615 1150 et
1645 1121 1735 1150 Petri

979 1167 1090 1203 typice
1104 1169 1186 1197 sunt
1199 1167 1400 1204 accipienda,
1414 1176 1483 1196 non
1501 1167 1544 1196 ad
1564 1166 1627 1195 hoc
1647 1167 1734 1202 quod

980 1213 1099 1242 dicunt
1117 1213 1174 1242 isti
1194 1214 1361 1242 trahenda
1381 1215 1471 1250 sunt,
1485 1213 1542 1242 sed
1561 1212 1734 1241 referenda
1753 1223 1780 1249 ¹3

979 1260 1059 1287 sunt
1070 1259 1113 1287 ad
1121 1267 1256 1288 sensum
1267 1259 1359 1287 illius
1371 1258 1475 1295 gladii
1490 1259 1530 1287 de
1545 1267 1609 1294 quo
1619 1258 1734 1287 scribit

980 1304 1173 1334 Matthaeus
1199 1305 1247 1334 sic
1261 1316 1268 1334 :
1302 1304 1430 1334 ‘Nolite
1462 1303 1619 1333 arbitrari
1656 1303 1736 1340 quia

978 1351 1056 1379 veni
1070 1359 1186 1387 pacem
1199 1351 1334 1380 mittere
1354 1350 1391 1378 in
1410 1352 1553 1386 terram3
1574 1358 1642 1378 non
1655 1349 1734 1379 veni

975 1405 1093 1432 pacem
1106 1397 1248 1433 mittere,
1263 1397 1320 1425 sed
1339 1396 1496 1432 gladium.
1542 1394 1624 1424 Veni
1643 1394 1734 1424 enim

977 1450 1129 1477 separare
1135 1442 1305 1470 hominem
1312 1442 1469 1471 adversus
1475 1443 1606 1476 patrem
1614 1442 1733 1477 suum,’
1752 1450 1762 1469 ¹
1766 1450 1780 1477 3

977 1488 1037 1517 etc.
1081 1487 1176 1522 Quod
1195 1488 1331 1524 quidem
1350 1487 1390 1516 fit
1410 1489 1482 1516 tam
1501 1487 1609 1522 verbo,
1632 1495 1733 1522 quam

977 1541 1080 1567 opere.
1123 1533 1262 1569 Propter
1288 1534 1375 1569 quod
1399 1532 1530 1562 dicebat
1556 1532 1663 1562 Lucas
1688 1533 1732 1562 ad

975 1578 1218 1614 Theophilum:
1247 1580 1349 1615 ‘quae
1373 1578 1479 1613 coepit
1505 1578 1596 1607 Iesus
1623 1578 1731 1608 facere

975 1624 1009 1651 et
1019 1624 1154 1654 docere!
1180 1624 1294 1653 Talem
1302 1623 1451 1660 gladium
1461 1623 1612 1652 Christus
1621 1632 1729 1653 emere

974 1670 1205 1707 praecipiebat,
1236 1679 1336 1706 quem
1373 1670 1540 1705 duplicem
1576 1669 1623 1699 ibi
1659 1678 1728 1700 esse
1747 1679 1780 1706 ¹4

976 1714 1093 1743 Petrus
1102 1715 1203 1743 etiam
1213 1715 1438 1751 respondebat.
1467 1714 1520 1743 Ad
1528 1715 1628 1744 verba
1636 1715 1728 1744 enim

976 1760 1010 1788 et
1029 1768 1129 1795 opera
1146 1761 1258 1796 parati
1278 1763 1376 1790 erant
1397 1770 1457 1797 per
1477 1770 1560 1796 quae
1579 1761 1729 1790 facerent

976 1806 1064 1840 quod
1074 1806 1224 1834 Christus
1233 1806 1371 1842 dicebat,
1382 1815 1416 1835 se
1422 1805 1549 1835 venisse
1559 1806 1729 1835 factm-um

974 1859 1034 1886 per
1046 1850 1206 1886 gladium,
1221 1852 1262 1879 ut
1275 1850 1404 1880 dictum
1418 1852 1476 1881 est.

1015 1895 1064 1925 X.
1086 1895 1213 1924 Dicunt
1235 1896 1346 1925 adhuc
1367 1896 1505 1932 quidam
1533 1897 1621 1933 quod
1645 1897 1727 1926 Con-

974 1940 1148 1970 stantinus
1169 1941 1365 1978 Imperator,
1385 1942 1568 1970 mundatus
1591 1951 1612 1971 a
1635 1943 1727 1979 lepra

974 1987 1206 2016 intercessione
1219 1987 1389 2024 sylvestri,
1404 1989 1487 2016 tunc
1502 1988 1625 2016 summi
1644 1989 1726 2017 Pon-

973 2032 1084 2069 tificis,
1109 2032 1247 2068 Imperii
1272 2033 1392 2070 sedem,
1421 2032 1548 2062 scilicet
1573 2034 1723 2071 Romam,

973 2079 1110 2107 donavit
1130 2079 1305 2116 Ecclesiae,
1326 2088 1404 2108 cum
1424 2078 1542 2108 multis
1560 2079 1636 2108 aliis
1656 2080 1723 2109 Im·
1738 2086 1756 2113 5

970 2125 1055 2160 perii
1068 2124 1299 2161 dignitatibus.
1338 2125 1390 2154 Ex
1402 2133 1468 2161 quo
1483 2128 1640 2163 arguunt,
1656 2127 1724 2163 dig·

971 2170 1096 2200 nitates
1115 2171 1191 2199 illas
1215 2170 1336 2199 deinde
1360 2171 1529 2200 neminem
1550 2172 1723 2202 adsumere

970 2225 1071 2252 posse,
1086 2215 1153 2245 nisi
1171 2217 1213 2245 ab
1227 2216 1376 2245 Ecclesia
1393 2216 1542 2254 recipiat,
1558 2218 1654 2247 cuius
1667 2227 1722 2247 eas

970 2270 1038 2290 esse
1052 2262 1177 2291 dicunt.
1227 2261 1272 2290 Et
1286 2270 1326 2290 ex
1346 2262 1408 2290 hoc
1426 2263 1509 2292 bene
1530 2266 1722 2299 sequeretur

969 2307 1203 2336 auctoritatem
1216 2316 1321 2336 unam
1334 2307 1376 2336 ab
1395 2307 1462 2336 alia
1475 2308 1667 2345 dependere,
1682 2311 1721 2337 ut
1741 2315 1772 2335 ιο

967 2351 1030 2387 ipsi
1044 2352 1169 2381 volunt.
1368 2354 1373 2359 '

1007 2397 1125 2426 Positis
1134 2399 1167 2425 et
1176 2397 1293 2427 solutis
1301 2398 1406 2435 igitur
1416 2399 1624 2435 argumentis
1637 2409 1720 2436 quae

941 2436 943 2468 ῗ
966 2443 1094 2472 radices
1118 2443 1154 2472 in
1178 2444 1301 2473 divinis
1325 2445 1463 2481 eloquiis
1489 2445 1611 2475 habere
1634 2446 1720 2476 vide-

966 2486 1099 2526 bantur,
1128 2491 1257 2518 restant
1289 2498 1382 2519 nunc
1409 2490 1470 2520 illa
1502 2492 1657 2526 ponenda
1687 2494 1722 2521 et

965 2534 1122 2563 solvenda
1155 2543 1238 2572 quae
1273 2534 1309 2564 in
1344 2535 1446 2573 gestis
1481 2536 1644 2567 Romanis
1686 2538 1721 2567 et
1740 2543 1771 2572 15
