1780 2820
159 163 230 199 354

159 263 382 291 Romanorum
402 272 486 299 rege,
509 263 578 291 ritu
603 262 790 291 Gentilium
812 261 913 290 sacri-

159 307 290 344 ficante,
315 308 423 337 ancile
449 309 490 337 de
517 308 606 337 coelo
632 307 669 336 in
696 308 813 336 urbem
843 307 910 336 Deo

158 353 298 382 electam
312 353 483 388 delapsum
496 353 604 389 fuisse,
621 353 734 381 Livius
747 352 784 380 in
802 352 912 388 prima

158 399 252 433 parte
270 399 420 427 testatur.
463 398 564 426 Cuius
581 397 736 426 miraculi
755 398 912 426 Lucanus

109 449 143 477 35
158 443 195 471 in
210 452 299 471 nono
309 442 498 472 Pharsaliae
510 443 672 479 meminit,
683 442 913 472 incredibilem

159 488 228 516 vim
250 488 355 517 austri
376 497 476 524 quam
498 488 603 523 Libya
630 488 759 524 patitur
782 488 829 516 ibi
858 489 913 516 de-

159 533 320 570 scribens3
340 533 388 562 ait
402 533 493 562 enim
506 544 513 562 ε

545 590 617 619 ‘Sic
637 590 697 618 illa
717 590 865 626 profecto

199 633 353 663 Sacrifico
381 634 527 663 cecidere
555 634 692 670 Numae,
715 643 800 670 quae
827 634 914 662 lecta

278 680 434 709 iuventus

103 731 142 758 40
197 726 342 755 Patricia
378 727 504 755 cervice
545 728 670 762 movet;
712 725 911 762 spoliaverat

276 772 409 809 Auster,

197 816 266 846 Aut
287 818 407 846 Boreas
431 818 568 854 populos
587 818 710 847 ancilia
729 819 844 847 nostra
868 818 912 846 fe-

276 863 409 892 rentes!

197 915 369 951 Quumque
382 915 482 951 Galli,
495 915 624 951 reliqua
634 916 715 945 urbe
726 915 793 944 iam
805 917 911 952 capta,

157 960 264 989 noctis
277 961 423 989 tenebris
437 961 560 997 confisi,
577 961 777 997 Capitolium
792 962 912 990 furtim

156 1005 315 1041 subirent,
327 1007 414 1042 quod
425 1006 531 1035 solum
542 1007 688 1035 restabat
699 1007 742 1034 ad
752 1006 912 1035 ultimum

104 1054 141 1082 45
156 1050 336 1079 interitum
355 1050 497 1080 Romani
515 1051 673 1088 nominis,
689 1060 849 1087 anserem,
866 1051 913 1080 ibi

157 1105 227 1124 non
248 1098 329 1125 ante
343 1096 461 1132 visum,
477 1096 633 1125 cecinisse
654 1097 768 1126 Gallos
786 1097 910 1133 adesse,

157 1143 258 1178 atque
282 1142 434 1170 custodes
457 1142 500 1170 ad
523 1142 765 1171 defensandum
786 1142 914 1178 Capito-

155 1186 242 1215 lium
255 1186 423 1223 excitasse,
439 1187 552 1215 Livius
566 1188 600 1215 et
620 1186 721 1215 multi
739 1187 915 1223 scriptores

155 1232 303 1261 illustres
317 1232 523 1261 concorditer
537 1234 779 1262 contestantur.
813 1232 914 1262 Cuius

105 1286 143 1312 50
156 1276 204 1306 rei
211 1287 338 1307 memor
343 1277 408 1306 fuit
414 1278 514 1306 Poeta
520 1279 641 1313 noster,
649 1287 753 1313 quum
761 1277 915 1314 clypeum

157 1323 287 1352 Aeneae
327 1322 526 1352 describeret
565 1322 602 1351 in
643 1324 758 1351 octavo
771 1333 777 1359 ;
823 1324 915 1352 canit

157 1378 248 1397 emm
263 1378 310 1398 sic
324 1379 332 1397 z

179 1426 235 1454 ‘In
245 1434 376 1455 summo
387 1428 496 1455 custos
506 1426 663 1462 Tarpeiae
671 1427 818 1456 Manlius
828 1427 914 1456 arcis

197 1472 313 1500 Stabat
335 1481 395 1508 pro
417 1473 549 1509 templo,
579 1474 612 1500 et
637 1472 801 1508 Capitolia
828 1473 915 1501 celsa

274 1518 418 1554 tenebat,

104 1572 139 1599 55
196 1563 420 1599 Romuleoque
462 1572 576 1592 recens
623 1563 779 1592 horrebat
823 1564 914 1600 regia

276 1609 392 1638 culmo.

196 1654 305 1690 Atque
331 1654 386 1683 hic
408 1654 536 1684 auratis
560 1655 705 1683 volitans
734 1657 914 1691 argenteus

274 1708 372 1728 anser

196 1746 391 1784 Porticibus,
430 1747 542 1776 Gallos
577 1748 613 1776 in
648 1747 765 1776 limine
800 1748 912 1776 adesse

275 1793 423 1822 canebat.
428 1793 435 1806 ’

195 1849 242 1878 At
262 1859 365 1886 quum
390 1851 541 1879 Romana
564 1850 721 1879 nobilitas
740 1852 911 1886 premente

156 1895 347 1925 Hannibale
380 1896 428 1925 sic
455 1897 596 1932 caderet,
625 1897 664 1923 ut
696 1895 740 1923 ad
773 1895 909 1923 finalem

101 1942 141 1969 60
157 1941 325 1970 Romanae
338 1941 387 1970 rei
400 1941 599 1970 deletionem
609 1950 677 1969 non
691 1942 832 1969 restaret
846 1940 912 1969 nisi

156 1986 342 2015 Poenorum
363 1987 510 2015 insultus
530 1987 574 2014 ad
596 1987 724 2022 urbem,
746 1985 859 2014 subita
878 1988 912 2014 et

154 2030 358 2060 intolerabili
366 2032 529 2067 grandine
535 2032 762 2067 proturbante,
770 2031 911 2060 victores

155 2076 329 2106 victoriam
350 2078 442 2114 sequi
464 2087 534 2106 non
557 2077 712 2113 potuisse,
737 2077 851 2106 Livius
873 2077 910 2105 in

154 2122 241 2150 bello
254 2122 380 2152 Punico
393 2123 483 2152 inter
495 2123 563 2151 alia
575 2124 668 2159 gesta
681 2122 869 2152 conscribit.

101 2165 137 2202 65
195 2167 313 2196 Nonne
326 2169 490 2197 transitus
504 2168 644 2197 Cloeliae
658 2168 820 2196 mirabilis
833 2168 909 2204 fuit,

155 2222 259 2249 quum
285 2214 414 2250 mulier,
442 2223 610 2250 quumque
636 2214 768 2249 captiva
793 2213 831 2242 in
858 2215 911 2243 ob-

154 2258 281 2287 sidione
300 2259 469 2296 Porsenae,
489 2259 640 2295 abruptis
657 2259 810 2295 vinculis,
825 2259 911 2288 miro

154 2302 216 2332 Dei
235 2303 358 2332 auxilio
371 2304 496 2341 adiuta,
511 2304 740 2332 transnatavit
754 2304 907 2340 Tiberim,

155 2348 242 2377 sicut
256 2357 369 2377 omnes
382 2349 450 2378 fere
468 2349 594 2378 scribae
613 2350 780 2378 Romanae
799 2349 848 2378 rei
866 2351 909 2378 ad

104 2403 141 2430 70
155 2394 295 2430 gloriam
308 2393 411 2430 ipsius
425 2395 707 2423 commemorant?

195 2439 249 2468 Sic
268 2439 370 2467 Illum
388 2448 520 2475 prorsus
538 2439 668 2475 operari
687 2440 833 2477 decebat,
849 2441 907 2476 qui

155 2486 277 2514 cuncta
288 2485 348 2513 sub
358 2484 485 2514 ordinis
494 2485 745 2521 pulchritudine
754 2487 796 2515 ab
804 2489 908 2515 aeter-

153 2539 198 2559 no
209 2529 354 2566 providit
364 2540 371 2567 ς
393 2532 432 2558 ut
446 2530 504 2567 qui
515 2530 653 2560 visibilis
662 2533 734 2560 erat
744 2532 907 2561 miracula

518 151 588 188 DE
617 149 982 188 MONARCHIA:
1020 148 1071 185 11.
1098 149 1192 185 CAP.
1219 160 1252 195 4,
1271 159 1304 195 5.

966 270 1024 296 pro
1053 260 1275 289 invisibilibus
1308 261 1511 295 ostensurus,
1543 259 1638 288 Idem
1672 259 1722 288 in-

966 305 1106 334 visibilis
1120 314 1179 341 pro
1193 303 1378 333 visibilibus
1392 303 1452 332 illa
1465 304 1661 333 ostenderet.
1741 306 1773 335 75

1005 350 1048 381 V.
1071 350 1266 386 Quicunque
1298 351 1469 385 praeterea
1499 349 1622 378 bonum
1651 349 1724 379 Rei-

966 396 1116 432 publicae
1141 395 1298 432 intendit,
1327 395 1430 423 finem
1455 395 1539 424 iuris
1563 394 1721 426 intendit.

967 442 1124 477 Quodque
1137 441 1187 469 ita
1197 443 1363 476 sequatur,
1376 440 1422 468 sic
1437 440 1644 469 ostenditur:
1666 441 1723 470 Ins

967 489 1016 516 cst
1023 487 1121 516 realis
1127 489 1159 516 et
1166 486 1348 523 personalis
1354 485 1499 514 hominis
1505 486 1546 515 ad
1553 486 1723 516 hominem

966 533 1140 569 proportio,
1162 541 1245 568 quae
1265 535 1397 561 servata
1416 531 1592 560 hominum
1612 533 1722 562 servat
1736 535 1754 564 5

966 579 1165 615 societatem,
1181 580 1214 606 et
1232 580 1388 614 corrupta
1402 577 1593 613 corrumpit.
1636 577 1722 606 Nam

965 624 1024 654 illa
1037 624 1247 660 Digestorum
1262 623 1447 659 descriptio,
1461 632 1528 651 non
1541 622 1623 651 dicit
1634 623 1722 659 quod

966 669 1045 705 quid
1073 671 1123 698 est
1150 669 1241 704 iuris,
1271 669 1327 698 sed
1356 668 1513 697 describit
1546 668 1629 696 illud
1663 677 1723 704 per

966 714 1120 743 notitiam
1147 715 1265 743 utendi
1292 715 1357 744 illo.
1400 714 1435 743 Si
1463 723 1540 750 ergo
1567 714 1720 742 definitio

966 760 1029 789 ista
1042 761 1125 788 bene
1139 760 1217 796 quid
1232 763 1280 789 est
1291 762 1324 788 et
1340 769 1441 796 quare
1453 759 1717 796 comprehendit,
1740 769 1774 788 ιο

965 808 998 834 et
1017 805 1192 835 cuiuslibet
1206 805 1372 834 societatis
1386 805 1463 834 finis
1481 807 1530 833 est
1545 813 1720 833 commune

964 851 1126 880 sociorum
1135 851 1275 886 bonum3
1289 859 1421 879 necesse
1435 852 1485 878 est
1499 850 1600 878 finem
1615 849 1722 878 cuius-

965 906 1028 933 que
1052 896 1134 925 iuris
1158 897 1282 924 bonum
1307 904 1482 924 commune
1507 904 1585 931 esse,
1608 897 1641 923 et
1661 894 1722 923 im-

964 941 1116 978 possibile
1140 943 1190 970 est
1216 941 1267 970 ius
1292 950 1370 976 esse,
1397 941 1522 969 bonum
1546 949 1722 970 commune

964 996 1032 1015 non
1077 987 1264 1015 intendens.
1328 987 1465 1022 Propter
1508 986 1595 1021 quod
1638 986 1722 1015 bene
1741 991 1772 1019 15

965 1032 1097 1061 Tullius
1120 1032 1157 1060 in
1185 1032 1294 1067 prima
1318 1031 1514 1060 Rhetorica:
1547 1032 1721 1067 ‘Semper,’

964 1077 1086 1114 inquit,
1110 1078 1170 1106 ‘ad
1190 1077 1374 1106 utilitatem
1397 1076 1610 1113 Reipublicae
1633 1077 1722 1114 leges

965 1124 1238 1160 interpretandae
1258 1124 1358 1152 sunt!
1399 1124 1492 1158 Quod
1513 1122 1541 1152 si
1562 1123 1605 1151 ad
1629 1122 1721 1151 utili-

965 1171 1070 1199 tatem
1098 1179 1212 1199 eorum
1244 1169 1302 1206 qui
1330 1170 1411 1198 sunt
1437 1169 1499 1197 sub
1526 1169 1598 1204 lege
1631 1167 1720 1204 leges

965 1215 1110 1244 directae
1121 1224 1189 1243 non
1203 1216 1293 1251 sunt,
1304 1215 1392 1251 leges
1402 1213 1538 1242 nomine
1549 1214 1618 1243 solo
1628 1215 1718 1250 sunt,
1736 1222 1775 1242 ιο

965 1270 1001 1290 re
1015 1263 1129 1290 autem
1145 1261 1234 1298 leges
1253 1269 1321 1290 esse
1340 1269 1409 1289 non
1428 1261 1575 1296 possunt.
1619 1259 1721 1296 Leges

965 1307 1057 1335 enim
1083 1309 1214 1343 oportet
1238 1306 1391 1335 homines
1413 1305 1581 1334 devincire
1603 1305 1646 1333 ad
1670 1305 1721 1333 in-

965 1352 1081 1389 vicem,
1116 1354 1252 1389 propter
1284 1360 1495 1381 communem
1524 1350 1718 1380 utilitatem.

966 1398 1104 1434 Propter
1117 1399 1205 1434 quod
1218 1398 1301 1427 bene
1313 1397 1438 1426 Seneca
1452 1397 1493 1425 de
1506 1396 1578 1432 lege
1589 1396 1624 1424 in
1635 1395 1722 1425 libro
1778 1435 1780 1438 Ι

966 1444 1006 1472 de
1020 1445 1163 1479 quatuor
1172 1443 1362 1478 virtutibus,
1380 1442 1515 1478 ‘Legem
1527 1441 1721 1478 vinculum,'
1737 1447 1771 1477 25

965 1488 1057 1525 dicit,
1075 1489 1259 1518 ‘humanae
1272 1487 1459 1518 societatis:
1499 1487 1598 1516 Patet
1616 1486 1721 1522 igitur
1776 1488 1780 1526 J

965 1534 1053 1569 quod
1095 1534 1295 1570 quicumque
1338 1534 1465 1561 bonum
1507 1531 1720 1568 Reipublicae

964 1579 1122 1616 intendit,
1147 1579 1250 1608 finem
1276 1578 1360 1607 iuris
1385 1578 1540 1607 intendit.
1584 1577 1619 1606 Si
1643 1586 1720 1614 ergo
1776 1594 1780 1611 ς

967 1624 1109 1653 Romani
1125 1625 1248 1653 bonum
1262 1623 1473 1659 Reipublicae
1487 1623 1718 1659 intenderunt,
1776 1651 1780 1655 ,

965 1679 1081 1699 verum
1095 1670 1159 1699 erit
1172 1670 1291 1706 dicere,
1303 1670 1406 1698 finem
1419 1668 1503 1697 iuris
1516 1668 1708 1697 intendisse.
1734 1672 1780 1707 ³⁰³

1005 1717 1099 1749 Quod
1117 1718 1231 1745 autem
1247 1717 1416 1744 Romanus
1434 1714 1575 1750 populus
1593 1714 1720 1742 bonum

964 1761 1153 1797 praefatum
1193 1760 1393 1796 intenderit,
1427 1759 1622 1789 subiciendo
1655 1759 1719 1788 sibi
1767 1774 1771 1778 ’

965 1807 1085 1836 Orbem
1114 1808 1291 1842 terrarum,
1319 1808 1414 1842 gesta
1445 1814 1506 1834 sua
1537 1805 1717 1835 declarant.

964 1852 1006 1880 In
1039 1851 1168 1888 quibus,
1203 1851 1297 1879 omni
1335 1850 1519 1887 cupiditate
1555 1851 1717 1887 submota,

963 1907 1047 1933 quae
1066 1897 1114 1926 rei
1132 1897 1285 1933 publicae
1303 1905 1432 1932 semper
1449 1897 1588 1926 adversa
1605 1898 1664 1933 est,
1684 1899 1720 1926 et

963 1943 1145 1972 universali
1176 1952 1258 1978 pace
1290 1952 1367 1971 cum
1398 1942 1554 1971 libertate
1585 1942 1717 1979 dilecta,

962 1989 1104 2025 populus
1130 1988 1187 2017 ine
1214 1989 1358 2024 sanctus,
1383 1988 1458 2024 pius
1485 1990 1518 2016 et
1545 1987 1716 2025 gloriosus,

962 2035 1096 2070 propria
1116 2035 1289 2063 commoda
1310 2034 1491 2070 neglexisse
1514 2033 1656 2070 videtur,
1677 2035 1718 2062 ut

961 2080 1096 2115 publica
1118 2089 1178 2116 pro
1200 2080 1309 2108 salute
1331 2079 1473 2107 humani
1496 2079 1626 2115 generis
1645 2088 1719 2115 pro-

962 2127 1103 2155 curaret.
1146 2126 1242 2154 Unde
1255 2127 1346 2154 recte
1362 2125 1448 2153 illud
1467 2124 1628 2159 scriptum
1648 2126 1718 2153 est:

962 2171 1151 2199 Romanum
1174 2171 1358 2207 Imperium
1381 2171 1421 2199 de
1445 2170 1536 2199 fonte
1564 2170 1717 2199 nascitur

961 2216 1104 2252 pietatis.

1001 2262 1065 2290 Sed
1097 2261 1175 2297 quia
1207 2263 1247 2291 de
1279 2261 1468 2291 intentione
1498 2261 1648 2290 omnium
1675 2271 1716 2291 ex

961 2306 1121 2335 electione
1142 2307 1315 2343 agentium
1335 2307 1423 2335 nihil
1436 2306 1652 2335 manifestum
1666 2307 1716 2335 est

961 2353 1057 2380 extra
1082 2351 1316 2381 intendentem
1343 2351 1410 2380 nisi
1441 2360 1501 2387 per
1532 2351 1629 2388 signa
1662 2360 1715 2380 ex-

959 2397 1090 2433 teriora,
1126 2399 1160 2426 et
1194 2406 1362 2426 sermones
1402 2397 1594 2433 inquirendi
1633 2399 1715 2426 sunt

959 2443 1143 2471 secundum
1168 2443 1351 2472 subiectam
1373 2442 1557 2478 materiam,
1581 2444 1620 2471 ut
1646 2443 1714 2472 iam

959 2488 1087 2517 dictum
1101 2489 1167 2524 est;
1190 2488 1272 2516 satis
1289 2488 1326 2516 in
1339 2488 1402 2517 hoc
1419 2488 1491 2517 loco
1507 2488 1711 2525 habebimus,

957 2532 986 2561 si
1013 2533 1053 2562 de
1079 2533 1271 2563 intentione
1302 2534 1417 2572 populi
1449 2534 1592 2565 Romani
1616 2534 1713 2571 signa
