1780 2820
169 115 242 161 346

169 226 387 263 Philosophus
421 227 542 264 inquit,
580 229 704 264 ‘neque
745 229 920 265 Hesperus,

168 280 275 308 neque
296 273 430 302 Lucifer
453 273 501 302 sic
523 273 731 302 admirabilis
751 274 820 303 cst.’
862 273 922 302 Est

117 326 150 353 35
168 317 258 346 enim
278 320 361 347 tunc
380 319 529 348 Phoebae
549 319 677 355 similis,
692 319 832 348 fratrem
853 318 922 348 dia·

167 362 354 391 metraliter
359 363 508 392 intuenti
515 365 555 393 de
562 373 728 400 purpureo
734 364 920 394 matutinae

166 407 365 438 serenitatis.

208 453 380 486 Quantum
414 463 490 491 ergo
523 456 565 484 ad
598 455 761 491 habitum,
791 454 922 484 iustitia

167 499 440 528 contrarietatem
450 500 552 529 habet
563 502 761 537 quandoque
773 500 809 528 in
819 501 903 529 velle
913 509 919 535 ;

112 552 151 578 ,ιο
167 553 248 572 nam
275 544 333 573 ubi
359 545 514 574 voluntas
540 546 582 574 ab
616 546 708 574 omni
736 545 920 581 cupiditate

167 589 299 619 sincera
323 599 391 619 non
418 593 477 627 est,
501 591 562 620 etsi
582 590 671 620 adsit
690 591 829 628 iustitia,
851 600 919 620 non

165 636 281 664 tamen
316 636 454 664 omnino
487 636 575 665 inest
608 636 645 665 in
679 637 808 672 fulgore
842 645 919 665 suae

166 680 332 716 puritatis,
362 681 463 709 habet
497 681 588 709 cnim
615 681 811 718 subiectum,
841 681 921 710 licet

166 724 314 762 minime,
330 725 523 761 aliqualiter
536 727 650 754 tamen
663 726 727 754 sibi
744 726 901 755 resistens
913 737 920 762 ;

111 776 148 803 45
165 771 302 805 propter
315 771 404 806 quod
418 771 502 799 bene
523 771 742 807 repelluntur,
759 771 816 806 qui
836 770 920 799 iudi-

165 823 238 843 cem
249 815 438 851 passionare
450 818 624 846 conantur.
660 816 833 850 Quantum
843 825 920 845 vero

164 860 208 888 ad
233 861 467 898 operationem,
495 861 627 891 iustitia
648 862 920 891 contrarietatem

165 905 265 934 habet
287 906 324 934 in
348 916 460 943 posse3
489 916 570 936 nam
593 917 698 944 quum
723 907 853 936 iustitia
875 907 921 937 sit

164 951 273 980 virtus
284 952 326 980 ad
338 953 491 989 alterum,
505 953 577 981 sine
587 953 742 988 potentia
750 953 920 982 tribuendi

110 1007 148 1033 50
165 996 284 1033 cuique
311 998 398 1033 quod
429 1007 528 1026 suum
563 1000 621 1034 est,
651 998 812 1034 quomodo
846 998 920 1034 quis

164 1043 356 1078 operabitur
394 1043 578 1072 secundum
610 1043 726 1072 illam?
772 1044 823 1072 Ex
856 1054 921 1080 quo

163 1090 257 1124 patet
272 1089 358 1125 quod
370 1091 497 1125 quanto
511 1089 620 1118 iustus
634 1089 811 1125 potentior,
823 1091 921 1118 tanto

163 1133 201 1162 in
215 1134 406 1170 operatione
420 1143 480 1163 sua
493 1134 626 1163 iustitia
640 1135 705 1163 erit
719 1135 868 1170 amplior.

204 1180 255 1208 Ex
261 1180 325 1209 hac
331 1180 444 1216 itaque
451 1180 674 1209 declaratione
683 1180 730 1209 sic
739 1183 902 1217 arguatur
914 1193 921 1210 :

114 1230 147 1257 55
164 1225 300 1254 Iustitia
318 1226 491 1262 potissima
511 1228 561 1255 est
580 1226 617 1255 in
634 1227 770 1263 mundo,
787 1228 920 1262 quando

163 1273 393 1301 volentissimo
431 1274 464 1302 et
502 1273 732 1309 potentissimo
771 1274 920 1302 subiecto

164 1317 273 1346 inest:
304 1318 496 1347 huiusmodi
522 1318 612 1347 solus
639 1318 822 1347 Monarcha
848 1321 917 1355 est;

164 1372 240 1399 ergo
259 1363 321 1392 soli
342 1363 543 1393 Monarchae
556 1363 715 1393 insistens
728 1363 862 1393 iustitia
880 1364 917 1392 in

163 1409 291 1436 mundo
299 1409 472 1445 potissima
481 1410 539 1439 est.
570 1409 638 1438 Iste
648 1409 918 1446 prosyllogismus

108 1454 147 1480 60
163 1454 269 1482 currit
282 1463 342 1490 per
355 1455 537 1483 secundam
556 1454 709 1491 figuram,
725 1464 802 1483 cum
820 1464 918 1492 nega-

163 1499 255 1529 tione
290 1500 483 1536 intrinseca,
513 1502 547 1528 et
581 1501 632 1528 est
663 1499 784 1528 similis
817 1500 918 1530 huic:

163 1545 269 1574 Omne
284 1546 312 1574 B
326 1548 375 1574 est
390 1546 428 1582 A,
438 1546 545 1574 solum
555 1546 579 1574 C
591 1547 641 1574 est
652 1545 697 1582 A;
719 1554 795 1582 ergo
809 1547 916 1575 solum

162 1591 186 1618 C
198 1592 247 1619 est
258 1591 294 1620 Β.
325 1591 419 1625 Quod
429 1592 479 1619 est
492 1601 498 1619 :
514 1591 620 1619 Omne
632 1591 658 1619 B
670 1592 721 1619 est
732 1591 771 1627 A,
783 1592 917 1620 nullum

161 1638 294 1671 praeter
317 1637 341 1665 C
365 1638 414 1665 est
438 1636 485 1672 A;
522 1645 599 1672 ergo
625 1636 760 1665 nullum
785 1639 918 1673 praeter

110 1684 145 1718 65
162 1682 186 1710 C
207 1684 258 1710 est
279 1683 316 1712 B.

201 1727 245 1756 Et
259 1728 370 1764 prima
382 1727 560 1764 propositio
580 1727 805 1757 declaratione
823 1737 917 1764 prae-

160 1774 298 1802 cedente
322 1776 475 1810 apparet;
504 1773 572 1802 alia
593 1773 640 1802 sic
665 1773 862 1810 ostenditur,
883 1775 917 1802 et

159 1819 307 1855 primum
322 1821 487 1855 quantum
503 1820 546 1847 ad
563 1819 657 1855 velle,
676 1819 796 1848 deinde
813 1828 917 1855 quan-

159 1866 235 1892 tum
265 1865 308 1893 ad
341 1873 443 1900 posse.
492 1864 546 1892 Ad
577 1864 781 1893 evidentiam
814 1864 917 1900 primi

108 1917 144 1945 70
159 1911 350 1938 notandum
383 1911 433 1939 est
468 1910 556 1945 quod
588 1909 738 1938 iustitiae
771 1910 916 1939 maxime

159 1956 386 1985 contrariatur
405 1956 581 1992 cupiditas,
597 1958 637 1985 ut
656 1956 773 1984 innuit
792 1956 917 1984 Aristo-

159 2002 242 2030 teles
251 2002 289 2030 in
300 2002 419 2037 quinto
429 2003 472 2030 ad
484 2002 735 2031 Nicomachum.
776 2002 917 2030 Remota

158 2047 341 2083 cupiditate
362 2047 508 2084 omnino,
530 2048 619 2076 nihil
641 2047 792 2076 iustitiae
812 2049 917 2076 restat

157 2093 354 2129 adversum;
395 2094 488 2122 unde
520 2093 691 2122 sententia
724 2093 917 2128 Philosophi

108 2143 141 2172 75
157 2140 215 2174 est,
245 2140 285 2167 ut
312 2148 396 2174 quae
419 2139 492 2175 lege
519 2138 739 2167 determinari
764 2141 913 2175 possunt,

156 2183 253 2212 nullo
276 2185 374 2212 modo
395 2184 501 2212 iudici
523 2184 768 2219 relinquantur,
794 2186 827 2212 et
852 2184 915 2212 hoc

157 2231 252 2258 metu
276 2229 472 2265 cupiditatis
494 2229 568 2257 fieri
593 2231 731 2265 oportet,
757 2230 798 2257 de
822 2229 915 2257 facili

158 2277 289 2303 mentes
302 2275 478 2303 hominum
492 2274 729 2310 detorqucntis.
759 2274 825 2302 Ubi
839 2283 916 2310 ergo

158 2328 229 2348 non
254 2322 304 2348 est
332 2320 419 2356 quod
445 2320 549 2355 possit
572 2319 690 2355 optari,
714 2319 915 2355 impossibile

105 2367 144 2394 80
160 2368 210 2394 est
224 2365 270 2394 ibi
285 2365 504 2401 cupiditatem
521 2373 607 2401 esse3
630 2364 810 2393 destructis
824 2365 913 2393 enim

159 2410 304 2446 obiectis,
320 2410 488 2446 passiones
502 2419 569 2438 esse
583 2419 652 2438 non
666 2412 814 2445 possunt.
851 2410 915 2438 Sed

160 2456 345 2484 Monareha
358 2465 426 2484 non
441 2455 541 2484 habet
556 2456 644 2491 quod
663 2455 766 2491 possit
780 2457 894 2491 optare
907 2466 913 2491 ;

158 2511 220 2531 sua
226 2511 370 2538 namque
380 2501 566 2530 iurisdictio
573 2501 777 2530 terminatur
784 2501 914 2530 Oceano

589 114 661 152 DE
691 114 1055 152 MONARCHIA:
1091 113 1120 151 1.
1147 113 1243 151 CAP.
1264 125 1318 150 11.

972 226 1089 262 solum,
1116 227 1203 261 quod
1232 235 1300 254 non
1328 225 1495 261 contingit
1518 224 1723 261 principibu·

972 271 1056 308 aliis,
1080 280 1220 307 quorum
1247 270 1457 306 principatus
1483 271 1526 299 ad
1553 270 1633 299 alios
1658 273 1723 299 ter-
1738 269 1774 304 85

973 317 1166 354 minantur;
1194 318 1233 345 ut
1261 318 1344 352 puta
1371 314 1470 352 Regis
1498 315 1657 345 Castellae
1680 315 1723 344 ad

972 362 1070 391 illum
1104 362 1161 398 qui
1195 361 1294 397 Regis
1328 361 1528 396 Aragonum.
1572 361 1621 389 Ex
1660 369 1724 397 quo

971 408 1129 444 sequitur,
1151 408 1238 443 quod
1264 406 1445 435 Monarcha
1466 406 1725 435 sincerissimum

972 453 1062 482 inter
1085 453 1242 482 mortales
1269 452 1415 481 iustitiae
1438 450 1539 487 possit
1560 459 1628 481 esse
1651 451 1724 480 sub-

970 498 1104 529 iectum.

1010 544 1192 580 Praeterea,
1237 544 1517 580 quemadmodum
1559 542 1725 579 cupidita·

1738 503 1779 532 90

971 589 1176 619 habitualem
1186 589 1351 618 iustitiam
1362 589 1613 625 quodammodo,
1623 596 1726 624 quan-

971 637 1186 671 tumcumque
1201 643 1315 671 pauca,
1331 634 1513 670 obnubilat,
1531 634 1579 663 sic
1593 634 1724 670 caritas,

971 689 1029 710 seu
1062 685 1154 710 recta
1188 681 1330 717 dilectio,
1366 681 1461 709 illam
1494 680 1586 709 acuit
1625 682 1724 715 atque

971 726 1141 756 dilucidat.
1178 726 1239 755 Oui
1248 735 1324 762 ergo
1334 726 1479 755 maxime
1489 728 1580 755 recta
1591 725 1726 754 dilectio
1741 731 1778 762 95

971 771 1078 800 inesse
1099 773 1217 808 potest,
1239 771 1449 807 potissimum
1472 771 1582 800 locum
1607 770 1643 798 in
1666 770 1726 798 illo

971 818 1079 852 potest
1111 817 1233 846 habere
1266 816 1406 846 iustitia.
1449 816 1648 845 Huiusmodi
1675 818 1725 845 est

972 863 1172 899 Monarcha;
1207 871 1284 898 ergo
1317 871 1356 891 eo
1390 862 1561 898 existente,
1594 861 1726 891 iustitia

971 908 1143 944 potissima
1152 911 1202 937 est
1211 908 1264 937 vel
1273 917 1342 937 esse
1352 910 1468 943 potest.
1506 907 1599 941 Quod
1611 909 1724 936 autem

971 957 1064 983 recta
1096 954 1230 983 dilectio
1256 954 1359 983 faciat
1385 954 1473 990 quod
1501 954 1629 982 dictum
1663 954 1722 990 est,

971 1000 1051 1029 hinc
1074 999 1190 1029 haberi
1215 1002 1331 1036 potest.
1370 999 1541 1036 Cupiditas
1569 1008 1723 1036 namque,

971 1045 1148 1081 perseitate
1163 1045 1339 1074 hominum
1360 1047 1479 1081 spreta,
1495 1045 1625 1080 quaerit
1645 1043 1723 1080 alia,

972 1091 1094 1119 caritas
1103 1100 1190 1127 vero,
1201 1091 1321 1126 spretis
1335 1090 1410 1119 aliis
1419 1090 1581 1126 omnibus,
1594 1089 1725 1126 quaerit

972 1138 1080 1166 Deum
1108 1139 1142 1166 et
1167 1136 1349 1172 hominem,
1375 1138 1409 1165 et
1436 1145 1495 1172 per
1521 1143 1725 1171 consequens

972 1184 1095 1211 bonum
1128 1182 1282 1212 hominis.
1331 1182 1505 1218 Quumque
1536 1181 1626 1210 inter
1658 1181 1726 1210 alia
1744 1188 1780 1215 ιο,

971 1229 1058 1257 bona
1083 1228 1231 1256 hominis
1262 1227 1473 1263 potissimum
1500 1227 1545 1256 sit
1576 1226 1614 1255 in
1644 1235 1724 1262 pace

970 1274 1080 1303 vivere
1089 1275 1139 1310 (ut
1147 1282 1247 1309 supra
1256 1273 1448 1309 dicebatur),
1456 1275 1490 1301 et
1498 1272 1561 1301 hoc
1571 1274 1726 1308 operetur

970 1320 1114 1348 maxime
1135 1321 1235 1355 atque
1256 1318 1426 1354 potissime
1448 1318 1587 1355 iustitia,
1603 1318 1724 1348 caritas

969 1365 1115 1394 maxime
1148 1364 1315 1394 iustitiam
1348 1364 1520 1401 vigorabit,
1549 1366 1583 1393 et
1616 1363 1724 1400 potior

968 1410 1087 1446 potius.

1008 1456 1052 1484 Et
1067 1456 1154 1492 quod
1168 1456 1370 1485 Monarchae
1389 1455 1535 1485 maxime
1548 1455 1723 1484 hominum

967 1503 1060 1530 recta
1090 1501 1224 1530 dilectio
1250 1501 1357 1530 inesse
1384 1502 1510 1537 debeat,
1539 1503 1632 1537 patet
1664 1500 1720 1530 sic.

968 1546 1073 1575 Omne
1100 1546 1261 1583 diligibile
1287 1548 1385 1575 tanto
1418 1546 1525 1582 magis
1558 1546 1721 1582 diligitur,

1742 963 1780 983 101

968 1594 1093 1627 quanto
1126 1592 1345 1628 propinquius
1378 1593 1428 1621 est
1458 1591 1632 1628 diligenti;
1665 1592 1722 1620 sed

967 1637 1119 1666 homines
1151 1637 1370 1673 propinquius
1399 1636 1601 1666 Monarchae
1630 1639 1721 1673 sunt,

968 1691 1068 1718 quam
1077 1682 1154 1711 aliis
1164 1682 1369 1718 principibus
1379 1693 1385 1711 :
1396 1691 1472 1719 ergo
1481 1683 1522 1711 ab
1531 1691 1568 1711 eo
1575 1682 1722 1711 maxime

967 1727 1165 1765 diliguntur,
1201 1727 1255 1757 vel
1294 1727 1390 1764 diligi
1430 1728 1560 1757 debent.
1608 1727 1723 1756 Prima

968 1772 1148 1801 manifesta
1173 1773 1233 1808 est,
1256 1771 1286 1800 si
1308 1774 1433 1801 natura
1458 1771 1664 1807 passivorum
1687 1774 1722 1800 et

967 1817 1155 1847 activorum
1164 1817 1391 1846 consideretur
1403 1827 1410 1853 ;
1431 1817 1578 1846 secunda
1590 1826 1649 1852 per
1658 1817 1722 1846 hoc

967 1865 1114 1900 apparet,
1139 1863 1219 1899 quia
1241 1863 1447 1900 principibus
1470 1863 1547 1892 aliis
1569 1863 1723 1892 homines

966 1917 1035 1937 non
1061 1908 1333 1945 appropinquant
1358 1908 1426 1937 nisi
1451 1908 1488 1937 in
1520 1910 1626 1945 parte,
1654 1909 1724 1937 Πο-

967 1954 1113 1983 narchae
1121 1963 1200 1983 vero
1207 1955 1391 1983 secundum
1399 1955 1518 1984 totum
1541 1954 1585 1982 Et
1591 1963 1706 1983 rursus
1714 1965 1722 1984 ι

1741 1873 1780 1894 :a

968 1999 1179 2035 Principibus
1197 1999 1273 2028 aliis
1291 1999 1562 2035 appropinquant
1582 2009 1641 2035 per
1655 2001 1722 2029 Mo-

968 2045 1140 2081 narcham,
1161 2047 1196 2074 et
1215 2054 1284 2074 non
1306 2054 1324 2074 e
1345 2054 1522 2082 converso;
1542 2048 1576 2074 et
1595 2045 1642 2074 sic
1662 2054 1722 2082 per

966 2091 1059 2126 prius
1072 2093 1106 2119 et
1118 2090 1311 2119 immediate
1326 2091 1527 2119 Monarchae
1536 2090 1626 2119 inest
1639 2100 1722 2120 cura
1739 2098 1780 2126 ¹²!

967 2137 1008 2165 de
1027 2137 1190 2172 omnibus,
1208 2136 1284 2165 aliis
1303 2139 1418 2165 autem
1437 2136 1643 2172 principibus
1661 2146 1722 2172 per

967 2182 1194 2217 Monarcham,
1208 2190 1245 2210 eo
1255 2182 1343 2217 quod
1357 2190 1437 2210 cura
1446 2181 1594 2217 ipsorum
1607 2190 1628 2210 a
1641 2190 1722 2211 cura

966 2227 1028 2255 illa
1040 2236 1195 2263 suprema
1209 2227 1390 2256 descendit.

1006 2273 1189 2309 Praeterea,
1214 2275 1341 2308 quanto
1361 2281 1461 2301 causa
1484 2274 1534 2301 est
1554 2272 1721 2303 univer-san

965 2317 1040 2354 lior,
1056 2320 1152 2346 tanto
1167 2318 1274 2354 magis
1286 2318 1388 2347 habet
1409 2318 1574 2347 rationem
1592 2327 1718 2356 causae,
1739 2327 1780 2354 13:

967 2363 1046 2399 quia
1072 2363 1212 2391 inferior
1245 2372 1313 2391 non
1341 2366 1391 2392 est
1426 2372 1534 2400 causa,
1563 2363 1630 2392 nisi
1662 2373 1722 2400 per

966 2408 1179 2444 superiorem,
1214 2410 1254 2437 ut
1287 2410 1380 2444 patet
1414 2418 1454 2438 ex
1486 2409 1529 2437 iis
1563 2418 1646 2445 quae
1680 2410 1720 2438 de

967 2455 1082 2484 Causis
1097 2465 1103 2491 ;
1124 2458 1158 2483 et
1172 2457 1299 2491 quanto
1314 2455 1419 2491 magis
1434 2464 1533 2484 causa
1546 2457 1596 2484 est
1610 2464 1717 2492 causa,

966 2503 1063 2530 tanto
1087 2501 1193 2537 magis
1217 2501 1372 2530 effectum
1402 2501 1522 2538 diligit,
1544 2511 1648 2537 quum
1672 2502 1719 2530 di-
