1780 2820
514 131 586 168 DE
614 127 979 168 MONARCHIA:
1017 126 1087 164 111.
1115 126 1208 164 CAP.
1239 138 1292 162 10.

107 248 236 278 ratione
256 247 406 276 humana
425 243 629 274 radicantur.
672 242 723 270 Ex
742 240 862 277 quibus

107 294 254 330 primum
272 294 322 322 est
345 291 432 327 quod
449 287 687 326 praemittitur,
709 286 795 322 quod
814 285 861 315 sic

107 337 321 375 syllogizant:
335 337 385 365 Ea
393 344 476 372 quae
486 335 566 363 sunt
580 331 753 367 Ecclesiae,
764 340 862 359 nemo

108 384 149 413 de
172 383 243 412 iure
264 382 386 410 habere
405 380 522 416 potest,
543 377 610 406 nisi
633 377 676 405 ab
696 376 861 411 Ecclesia3

57 439 93 458 20
108 430 142 458 et
168 428 230 457 hoc
253 426 455 456 conceditur.
497 425 686 453 Romanum
712 420 861 457 regimen

108 476 159 504 est
178 471 362 507 Ecclesiae3
384 479 459 506 ergo
479 468 588 504 ipsum
607 476 706 496 nemo
727 467 768 495 de
788 465 862 494 iure

107 518 228 548 habere
251 518 367 553 potest,
389 514 454 544 nisi
474 514 517 543 ab
537 512 691 542 Ecclesia.
734 511 779 540 Et
802 510 863 539 mi-

108 571 223 592 norem
231 562 373 598 probant
386 569 445 597 per
453 567 582 595 eaquae
589 558 630 587 de
641 555 863 587 Constantino

108 608 260 645 superius
272 608 364 636 tacta
376 607 463 635 sunt.

59 661 93 689 25
148 654 244 682 Hanc
255 660 331 688 ergo
340 650 503 679 minorem
517 647 692 683 interim03
715 649 748 676 et
759 655 862 683 quum

106 699 257 736 probant,
269 697 342 726 dico
355 696 441 733 quod
455 703 516 724 sua
528 694 680 731 probatio
693 693 788 722 nulla
801 694 861 729 est,

107 743 186 782 quia
209 741 448 773 Constantinus
469 740 615 770 alienare
638 748 707 768 non
733 740 864 775 poterat

107 789 244 826 Imperii
255 787 464 825 dign-itatem,
476 795 539 815 nec
548 784 698 815 Ecclesia
707 784 861 820 recipere.

108 835 153 864 Et
171 843 274 871 quum
294 832 511 870 pertinaciter
528 831 668 867 instant,
683 830 771 866 quod
790 829 864 859 dico

8 899 10 902 >
57 891 94 919 30
109 881 156 911 sic
169 879 298 910 ostendi
310 880 418 916 potest
431 888 437 907 ε
456 876 592 906 Nemini
610 876 689 905 licet
703 884 742 904 ea
755 875 863 904 facere

108 935 168 963 per
190 925 334 954 officinm
357 923 420 953 sibi
444 923 645 959 deputatum
672 929 757 957 quae
783 922 864 949 sunt

109 972 227 1001 contra
246 970 331 999 illud
350 968 512 1004 officium;
538 967 617 1003 quia
637 966 684 996 sic
705 966 804 1002 idem,
827 966 863 995 in

109 1018 273 1054 quantum
283 1015 381 1051 idem,
393 1015 478 1044 esset
489 1012 697 1042 contrarium
707 1012 770 1041 sibi
785 1012 865 1048 ipsi:

109 1063 197 1099 quod
211 1062 261 1091 est
274 1059 480 1097 impossibile.
512 1059 576 1088 Sed
590 1060 708 1088 contra
720 1058 864 1087 officium

59 1115 93 1143 35
110 1109 307 1145 deputatum
331 1105 530 1143 Imperatori
552 1107 602 1134 est
629 1104 780 1134 scindere
804 1103 864 1132 im-

108 1154 252 1191 perium;
268 1161 371 1189 quum
380 1151 525 1181 officium
534 1151 604 1180 cius
618 1150 663 1180 sit
676 1150 864 1179 humanum

109 1208 213 1237 genus
245 1198 306 1227 uni
337 1196 431 1234 velle,
467 1198 500 1226 et
533 1196 595 1225 uni
628 1196 718 1224 nolle
750 1197 866 1225 tenere

108 1245 303 1280 subiectum,
327 1245 367 1272 ut
392 1242 428 1271 in
455 1241 564 1278 primo
585 1241 685 1270 huius
709 1242 750 1270 de
774 1240 866 1270 facili

110 1290 217 1320 videri
243 1291 372 1327 potest:
404 1296 482 1324 ergo
505 1287 658 1316 scindere
681 1286 865 1322 Imperium

57 1348 97 1375 40
112 1335 310 1373 Imperatori
336 1343 405 1364 non
435 1333 522 1363 licet.
569 1332 604 1362 Si
631 1341 708 1369 ergo
734 1332 865 1368 aliquae

111 1382 294 1419 dignitates
345 1388 404 1417 per
451 1378 709 1409 Constantinum
756 1379 865 1407 essent

109 1428 275 1458 alienatae
307 1428 358 1462 (ut
397 1425 527 1460 dicunt)
559 1424 601 1453 ab
642 1423 795 1460 Imperio,
831 1426 865 1452 et

110 1473 282 1503 cessissent
302 1471 339 1501 in
357 1472 555 1508 potestatem
574 1469 750 1506 Ecclesiae,
765 1468 866 1498 scissa

109 1520 194 1548 esset
214 1517 333 1547 tunica
353 1515 572 1551 inconsutilis,
594 1523 695 1551 quam
715 1514 865 1543 scindere

57 1573 94 1602 45
109 1563 183 1594 ausi
200 1572 268 1594 non
281 1564 360 1592 sunt
378 1562 480 1591 etism
493 1560 551 1598 qui
565 1559 736 1590 Christum
750 1568 866 1588 verum

109 1611 218 1641 Deum
230 1610 347 1640 lancea
358 1608 580 1646 perforarunt.

149 1656 332 1692 Praeterea,
357 1654 445 1684 sicut
469 1652 616 1682 Ecclesia
639 1661 738 1682 suum
764 1651 865 1681 habet
909 1654 917 1666 ⁸

109 1702 378 1737 fundamentum,
403 1699 451 1729 sic
475 1700 509 1728 et
536 1697 720 1734 Imperium
747 1705 867 1726 suum:

111 1756 191 1778 nam
201 1746 366 1776 Ecclesiae
376 1745 636 1774 fundamentum
643 1742 795 1772 Christus
805 1743 863 1772 est.

59 1798 98 1826 5ο
112 1793 210 1822 Unde
230 1791 406 1828 Apostolus
425 1790 469 1818 ad
487 1788 695 1818 Corinthios:
717 1789 724 1803 ‘
735 1788 867 1816 Funda-

112 1840 265 1868 mentum
271 1837 363 1866 aliud
372 1833 470 1865 nem'o
478 1836 586 1871 potest
595 1842 724 1869 ponere,
735 1834 867 1869 praeter

111 1884 147 1913 id
171 1883 258 1921 quod
280 1881 425 1920 positum
449 1882 509 1916 est,
532 1879 619 1916 quod
639 1880 691 1908 est
715 1877 867 1908 Christus

113 1928 224 1958 Iesus.’
265 1928 340 1964 Ipse
357 1928 408 1955 est
425 1927 529 1962 petra,
544 1932 642 1960 super
659 1931 760 1959 quam
779 1922 868 1952 aedi-

112 1974 212 2003 ficata
232 1974 282 2003 est
302 1971 469 2008 Ecclesia;
494 1969 632 2006 Imperii
651 1977 729 1998 vero
748 1969 867 1997 funda-

61 2028 97 2056 55
112 2021 266 2050 mentum
288 2018 342 2047 ius
364 2017 551 2046 humanum
572 2016 630 2045 est.
674 2014 772 2043 Modo
792 2013 867 2043 dico

113 2065 200 2102 quod
232 2064 319 2094 sicut
358 2062 523 2093 Ecclesiae
555 2061 774 2090 fundam0nto
807 2068 867 2089 suo

113 2109 311 2140 contrariari
334 2117 402 2138 non
425 2107 514 2144 licet,
536 2107 594 2136 sed
615 2106 713 2136 debet
737 2113 867 2142 semper

112 2155 216 2185 inniti
226 2163 325 2191 super
333 2154 427 2190 illud,
438 2153 533 2182 iuxta
542 2152 626 2182 illud
636 2151 850 2181 Canticorum
860 2160 867 2179 z

115 2202 123 2218 ⁴
134 2202 224 2236 Quae
243 2202 294 2230 est
313 2199 386 2236 ista,
401 2207 486 2235 quae
498 2197 648 2227 ascendit
666 2198 707 2226 de
726 2197 863 2233 deserto,

60 2249 100 2277 60
114 2246 239 2276 delitiis
263 2245 410 2280 affluens,
438 2243 557 2272 innixa
581 2251 680 2279 super
706 2241 866 2271 dilectum

113 2292 250 2322 suum?'
277 2291 324 2320 sic
343 2292 377 2319 et
397 2288 542 2327 Imperio
561 2288 693 2318 licitum
714 2297 783 2317 non
804 2289 864 2324 est,

113 2339 231 2367 contra
243 2336 295 2366 ius
307 2336 496 2365 humanum
508 2333 636 2370 aliquid
650 2333 766 2363 facere.
802 2333 866 2362 Sed

113 2385 232 2413 contra
258 2382 310 2412 ius
335 2381 524 2411 humanum
550 2381 643 2416 esset,
668 2379 697 2408 si
723 2378 867 2415 seipsum

114 2427 297 2464 Imperium
319 2427 516 2463 destrueret;
547 2433 623 2461 ergo
650 2424 794 2460 Imperio
820 2432 867 2454 se-

60 2472 98 2509 65
114 2473 225 2510 ipsum
247 2473 416 2502 destruere
438 2479 507 2500 non
529 2470 617 2501 licet.
660 2471 770 2505 Quum
791 2479 867 2507 ergo

114 2517 264 2548 scindere
278 2516 462 2555 Imperium
475 2518 560 2546 esset
569 2517 737 2546 destruere
746 2517 865 2553 ipsum,

1599 134 1666 170 37Ῑ

914 238 1115 268 consistente
1122 237 1266 274 Imperio
1272 237 1309 266 in
1315 235 1448 265 unitate
1455 233 1671 263 Monarchiae

913 283 1127 319 universalis;
1142 282 1358 311 manifestum
1373 282 1423 310 est
1439 281 1525 316 quod
1534 278 1671 314 Imperii

914 328 1114 358 auctoritate
1132 326 1290 364 fungenti
1312 326 1463 356 scindere
1487 323 1671 360 Imperium

914 382 983 402 non
1010 373 1099 403 licet.
1148 373 1243 407 Quod
1270 373 1383 401 autem
1409 372 1578 400 destruere
1605 370 1671 397 Im·
1690 375 1725 404 70

914 419 1045 455 perium
1079 418 1124 448 sit
1157 420 1275 447 contra
1310 417 1362 446 ius
1398 409 1595 453 humanum,
1631 424 1672 444 ex

914 464 1136 501 superioribus
1150 466 1200 493 est
1214 463 1440 492 manifestum.

955 511 1131 540 Praeterea
1157 509 1265 538 omnis
1292 507 1477 538 iurisdictio
1503 505 1593 543 prior
1620 508 1672 536 est

915 566 974 586 suo
987 556 1110 593 iudj003
1132 556 1232 585 iudex
1246 555 1336 584 enim
1350 555 1393 584 ad
1407 553 1671 583 iurisdictionem

916 603 1101 639 ordinatur,
1124 604 1158 631 et
1181 610 1251 631 non
1271 610 1289 630 e
1309 609 1473 630 conversa
1517 599 1582 628 Sed
1605 599 1671 628 Im·
1689 607 1722 637 75

916 649 1045 685 perium
1054 650 1104 678 est
1113 647 1308 683 iurisdictio,
1317 655 1450 675 omnem
1456 645 1673 681 temporalem

915 693 1182 724 iurisdictionem
1208 692 1338 722 ambitu
1369 700 1428 720 suo
1460 690 1672 726 comprehen-

916 740 1017 776 dens;
1039 748 1116 776 ergo
1135 739 1207 775 ipsa
1225 739 1275 767 est
1294 737 1385 774 prior
1403 745 1462 765 suo
1480 735 1598 771 iudice,
1615 735 1672 771 qui

915 787 966 815 est
984 786 1181 822 Imperator,
1201 783 1279 820 quia
1297 784 1339 813 ad
1360 782 1466 819 ipsam
1487 782 1674 818 Imperator

916 832 967 860 est
981 831 1166 867 ordinatus,
1182 831 1216 860 et
1230 838 1298 858 non
1313 838 1330 858 e
1345 833 1510 858 convers-04
1544 828 1594 856 Ex
1609 836 1673 863 quo
1690 833 1728 859 80

917 878 1011 914 patet
1035 877 1123 913 quod
1148 877 1335 913 Imperator
1355 874 1462 910 ipsam
1480 875 1672 910 permutare

916 931 984 951 non
998 923 1115 959 potest,
1130 922 1167 951 in
1182 923 1346 958 quantum
1360 921 1553 956 Imperator,
1569 927 1672 955 quum

916 970 958 999 ab
977 978 1015 998 eo
1035 967 1174 1004 recipiat
1194 976 1261 996 esse
1280 967 1367 1003 quod
1387 967 1444 995 est.
1490 965 1586 993 Modo
1600 964 1674 994 dico
1725 998 1727 1001 Α

916 1015 980 1045 sic:
995 1015 1063 1043 Aut
1077 1014 1134 1043 ille
1145 1014 1330 1050 Imperator
1341 1013 1422 1048 erat,
1433 1019 1537 1047 quum
1547 1010 1674 1039 dicitur

917 1060 1082 1090 Ecclesiae
1096 1058 1284 1094 contulisse,
1300 1059 1359 1087 aut
1373 1066 1449 1086 non.
1491 1056 1536 1085 Et
1549 1055 1578 1085 si
1591 1065 1669 1093 non,
1688 1058 1725 1092 85

916 1107 1058 1143 planum
1070 1106 1119 1134 est
1130 1105 1217 1140 quod
1230 1103 1318 1132 nihil
1332 1104 1461 1139 poterat
1473 1103 1514 1131 de
1528 1101 1673 1138 Imperio

917 1151 1075 1181 conferre.
1112 1151 1147 1180 Si
1160 1150 1216 1187 sic,
1232 1159 1336 1186 quum
1350 1148 1429 1178 talis
1442 1147 1576 1176 collatio
1589 1149 1674 1176 esset

917 1196 1096 1226 minoratio
1137 1194 1387 1231 iurisdictionis,
1429 1194 1466 1222 in
1508 1195 1673 1229 quantum

917 1243 1111 1280 Imperator,
1127 1242 1189 1271 hoc
1203 1242 1311 1270 facere
1324 1249 1392 1269 non
1405 1242 1543 1276 poterat.

957 1289 1120 1325 Amplius,
1143 1287 1171 1317 si
1199 1295 1288 1316 unus
1312 1287 1498 1322 Imperator
1524 1285 1672 1321 aliquam
1689 1291 1728 1319 90

916 1334 1118 1370 particulam
1143 1334 1185 1362 ab
1211 1332 1347 1369 Imperii
1370 1331 1597 1360 iurisdictione
1625 1330 1674 1359 di-

917 1380 1067 1410 scindere
1087 1382 1204 1417 posset,
1230 1380 1345 1409 eadem
1372 1378 1500 1407 ratione
1524 1379 1558 1407 et
1577 1376 1672 1407 alius.

918 1427 961 1456 Et
975 1436 1079 1463 quum
1100 1425 1284 1455 iurisdictio
1296 1423 1488 1460 temporalis
1506 1423 1606 1452 finita
1618 1422 1672 1459 sit,

918 1474 952 1501 et
978 1480 1076 1500 omne
1103 1470 1239 1500 finitum
1266 1479 1325 1506 per
1351 1469 1466 1498 finitas
1493 1468 1674 1498 decisiones

918 1518 1132 1554 absumatur3
1163 1518 1356 1554 sequeretur
1376 1516 1463 1551 quod
1487 1514 1674 1543 iurisdictio
1691 1517 1726 1545 95

916 1563 1028 1600 prima
1073 1564 1180 1599 posset
1227 1559 1433 1590 annihilari:
1487 1560 1574 1597 quod
1622 1561 1673 1588 est

916 1608 1155 1638 irrationabile.

956 1654 1086 1691 Adhuc,
1102 1662 1205 1690 quum
1226 1653 1399 1682 conferens
1419 1651 1541 1681 habeat
1561 1659 1595 1680 se
1615 1659 1675 1687 per

916 1700 1053 1728 modum
1079 1699 1226 1736 agentis;
1261 1700 1295 1727 et
1322 1697 1377 1727 cui
1409 1698 1587 1732 confertur,
1616 1705 1675 1732 per

918 1746 1053 1774 modum
1066 1744 1235 1780 patientis,
1250 1745 1290 1772 ut
1303 1743 1412 1779 placet
1426 1741 1624 1778 Philosopho
1638 1741 1674 1769 in
1694 1748 1746 1767 loo

917 1792 1036 1826 quarto
1059 1790 1102 1818 ad
1127 1788 1386 1824 Nicomachum;
1414 1796 1483 1816 non
1504 1786 1611 1816 solum
1631 1786 1674 1815 ad

918 1835 1130 1865 collationem
1154 1842 1223 1863 esse
1249 1833 1378 1862 licitam
1405 1831 1587 1868 requiritur
1610 1831 1675 1860 dis-

918 1880 1037 1916 positio
1063 1878 1272 1915 conferentis,
1302 1878 1359 1907 sed
1388 1877 1491 1906 etiam
1517 1876 1588 1906 eius
1620 1876 1675 1905 cui

918 1926 1109 1955 confertur:
1147 1924 1282 1954 videtur
1319 1922 1409 1952 enim
1449 1922 1485 1951 in
1526 1921 1675 1958 patiente

918 1971 1076 2007 disposito
1102 1972 1198 1999 actus
1230 1969 1416 1998 activorum
1443 1967 1557 1997 inesse.
1610 1967 1674 1996 Sed
1696 1975 1746 2002 ¹05

919 2016 1067 2046 Ecclesia
1103 2015 1242 2045 omnino
1281 2013 1481 2050 indisposita
1520 2015 1592 2042 erat
1631 2013 1674 2041 ad

917 2061 1115 2098 temporalia
1141 2060 1341 2097 recipienda,
1370 2068 1429 2096 per
1460 2060 1675 2095 praeceptum

917 2106 1159 2143 prohibitivum
1172 2114 1370 2142 expressum,
1386 2106 1426 2134 ut
1444 2105 1604 2134 habemus
1617 2112 1676 2140 per

918 2152 1137 2189 Matthaeum,
1149 2151 1213 2181 sic:
1234 2151 1358 2180 ‘Nolite
1369 2150 1533 2188 possidere
1544 2159 1673 2186 aurum,

917 2207 1024 2235 neque
1033 2200 1220 2235 argentum,
1231 2206 1338 2234 neque
1348 2197 1525 2234 pecuniam
1536 2196 1573 2225 in
1585 2195 1676 2225 zonis
1697 2207 1705 2224 1
1715 2207 1748 2226 ιο

917 2244 1044 2281 vestris,
1060 2253 1129 2273 non
1144 2252 1258 2280 peram
1271 2243 1307 2272 in
1323 2242 1396 2278 via,'
1411 2244 1470 2271 etc.
1513 2241 1601 2270 Nam
1615 2241 1677 2270 etsi

917 2298 976 2326 per
999 2289 1125 2319 Lucam
1146 2289 1305 2319 habemus
1325 2287 1565 2317 relaxationem
1586 2296 1677 2323 prae-

918 2335 1014 2371 cepti,
1037 2337 1202 2372 quantum
1222 2335 1265 2364 ad
1286 2334 1465 2370 quaedam3
1495 2333 1537 2362 ad
1557 2341 1677 2368 posses-

918 2380 1045 2410 sionem
1058 2382 1172 2409 tamen
1186 2379 1262 2409 auri
1276 2381 1309 2408 et
1323 2378 1454 2416 argenti
1468 2377 1677 2407 licentiatam

919 2425 1102 2455 Ecclesiam
1125 2427 1199 2462 post
1222 2424 1482 2462 prohibitionem
1505 2423 1602 2452 illam
1626 2422 1676 2452 in·
1698 2431 1724 2449 ιι
1729 2430 1745 2457 5

919 2471 1033 2501 venire
1065 2480 1134 2500 non
1172 2470 1274 2507 potui.
1327 2470 1435 2504 Quare
1469 2469 1497 2499 si
1531 2468 1679 2498 Ecclesia

920 2516 1067 2553 recipere
1099 2524 1168 2546 non
1199 2516 1340 2554 poterat,
1370 2515 1448 2545 dato
1481 2514 1568 2551 quod
1597 2514 1677 2544 Con-

838 2563 950 2602 aba
