1780 2820
431 158 504 196 DE
532 155 903 195 MONARCHIA:
942 155 970 192 Ι.
997 155 1093 192 CAP.
1113 167 1167 199 11,
1188 167 1243 192 12.

0 281 39 308 [35
56 274 155 304 lectio
181 274 261 303 talis
287 273 490 310 adsequatur
515 278 650 300 causam
677 277 735 304 per
762 277 804 297 se.

55 320 166 354 Quum
179 329 256 356 ergo
270 318 453 348 Monarcha
465 317 510 346 sit
522 314 807 346 universalissima

53 374 154 394 causa
180 365 271 394 inter
293 363 458 399 mortales,
483 364 523 391 ut
544 360 697 391 homines
723 360 806 388 bene

53 410 179 447 vivant,
196 410 275 446 quia
293 409 460 445 principes
480 407 539 437 alii
558 415 618 443 per
637 405 744 441 illum,
766 406 806 433 ut

54 455 183 485 dietum
196 457 264 491 est3
285 461 488 491 consequens
506 453 566 489 est,
582 451 669 488 quod
682 451 807 479 bonum

0 511 40 539 40
53 501 229 531 hominum
243 501 285 530 ab
297 509 336 530 eo
347 499 492 528 maxime
505 497 675 534 diligatur.

94 547 187 581 Quod
213 548 328 576 autem
362 543 544 574 Monarcha
576 541 746 579 potissime
772 550 806 570 se

52 592 175 622 habeat
207 592 250 621 ad
280 590 506 628 operationem
539 587 697 624 iustitiae,
733 587 807 623 quis

53 637 209 667 dubitat?
237 637 303 665 nisi
330 636 387 672 qui
413 643 527 664 vocem
548 634 636 662 hanc
664 642 733 662 non
757 633 808 661 in-

53 682 184 720 telligit,
214 690 318 718 quum
345 681 374 711 si
402 679 586 709 Monarcha
610 681 668 715 est,
694 679 807 707 hostes

0 734 36 763 ⁴5
51 728 174 759 habere
186 737 255 757 non
268 727 380 764 possit.

92 773 182 803 Satis
219 772 326 810 igitur
363 772 533 801 declarata
567 770 808 805 subadsumpta

51 819 237 856 principali,
254 819 346 855 patet
361 817 440 854 quia
453 816 621 846 conclusio
635 818 728 845 certa
742 818 807 844 est:

51 864 179 894 scilieet
212 864 299 900 quod
339 863 382 892 ad
421 862 584 898 optimam
625 860 808 896 dispositio-

0 919 2 925 ·
53 919 131 940 nem
164 909 286 939 mundi
319 917 451 938 neeesse
488 909 538 937 est
576 906 807 935 Monarchiam

0 964 37 994 ⁵0
53 964 131 986 esse,

93 1000 184 1032 111.
199 1001 312 1037 (XIV.)
331 1001 376 1029 Et
386 1000 576 1028 humanum
585 1006 699 1035 genus,
710 997 809 1034 potis-

52 1046 135 1076 sime
152 1046 304 1083 liberum,
319 1046 444 1082 optime
458 1054 492 1074 se
506 1045 615 1074 habet.
658 1044 730 1072 Hoc
743 1043 809 1072 erit
832 1056 834 1087 j

832 1089 834 1111 ἒ
860 1089 928 1123 est3
966 1086 1053 1115 sicut
1080 1085 1136 1115 via
1167 1085 1388 1114 necessitatur
1414 1093 1434 1112 a
1460 1083 1613 1113 termino.

54 1091 280 1128 manifestum,
303 1091 332 1120 si
351 1089 555 1127 principium
574 1091 688 1125 pateat
712 1088 809 1117 liber-

53 1137 143 1167 tatis.
185 1137 324 1173 Propter
343 1136 432 1173 quod
452 1135 626 1164 sciendum
646 1136 704 1170 est,
720 1134 807 1170 quod

0 1174 202 1257 '⁵332ss
214 1181 418 1219 ΜΜΜ
432 1179 747 1255 “ΜΜ;ἒ“ῑ’ῑ;“ῖ
759 1181 808 1231 Μ

210 1236 248 1256 ar
270 1237 283 1256 i
299 1236 342 1255 ru
396 1235 476 1256 uam
496 1235 531 1254 m
585 1235 597 1254 ι
645 1234 666 1254 a
707 1234 730 1253 n
771 1234 808 1253 m

53 1283 119 1310 ore,
147 1274 184 1302 in
212 1236 397 1302 inteueo‘txil
412 1281 489 1302 vero
511 1271 616 1308 pauci.
659 1271 809 1300 Veniunt

54 1327 199 1355 namque
213 1327 315 1355 usque
334 1318 377 1347 ad
396 1317 468 1354 hoe,
484 1319 523 1346 ut
537 1317 653 1346 dicant
665 1316 808 1346 liberum

54 1364 233 1394 arbitrium
253 1373 331 1400 esse,
347 1363 491 1392 liberum
512 1364 552 1392 de
573 1363 746 1392 voluntate
760 1362 809 1391 iu—

4 1417 38 1437 Ιο
54 1410 188 1440 dicium.
231 1410 275 1439 Et
293 1418 410 1438 verum
424 1408 560 1445 dicunt;
581 1409 639 1437 sed
652 1407 809 1444 importa-
834 1426 835 1449 ÷

54 1457 128 1484 tum
141 1464 200 1491 per
212 1455 312 1484 verba
331 1454 430 1490 longe
451 1455 501 1482 est
521 1454 563 1482 ab
581 1453 638 1490 eis,
654 1453 809 1490 quemad-
833 1458 835 1495 j

53 1501 190 1530 modum
217 1502 290 1530 teta
317 1499 371 1528 die
401 1499 514 1536 Logioi
542 1498 649 1527 nostri
677 1498 808 1527 faciunt
833 1497 835 1501 ’

54 1546 95 1576 de
119 1546 318 1583 quibusdam
343 1544 630 1581 propositionibus,
656 1553 741 1580 quae
765 1545 808 1573 ad

53 1591 241 1628 exemplum
250 1590 444 1628 logicalibus
457 1590 715 1626 interseruntur,
727 1591 810 1626 puta

6 1642 38 1670 ¹5
53 1637 95 1666 de
121 1636 201 1667 hac:
230 1636 431 1673 Triangulus
458 1636 559 1666 habet
585 1637 654 1664 tres
681 1635 809 1665 duobus
834 1648 835 1655 ¹

52 1682 153 1712 rectis
164 1682 326 1719 aequales.

93 1728 138 1758 Et
161 1728 235 1758 ideo
256 1727 338 1764 dico,
360 1728 448 1764 quod
471 1726 634 1756 iudicium
659 1726 808 1757 medium

54 1774 105 1802 est
130 1773 402 1810 apprehensionis
435 1774 469 1802 et
502 1772 671 1808 appetitus
687 1782 694 1808 ;
728 1781 809 1801 nam

54 1818 162 1856 primo
185 1827 238 1848 res
257 1818 529 1855 apprehenditur,
552 1818 671 1847 deinde
695 1827 809 1854 appre-

2 1871 40 1891 20
55 1864 162 1894 hensa
174 1865 261 1893 bona
273 1864 326 1893 vel
340 1863 430 1893 mala
446 1863 625 1900 iudicatur,
638 1865 673 1892 et
688 1863 810 1892 ultimo

55 1907 208 1938 iudicans
226 1907 438 1945 prosequitur
457 1907 527 1936 sive
544 1907 641 1944 fugit.
684 1907 719 1936 Si
733 1916 810 1944 ergo

56 1953 219 1983 iudicium
239 1955 370 1982 moveat
389 1952 529 1981 omnino
552 1952 750 1990 appetitum,
776 1955 809 1982 et

56 1999 150 2028 nullo
163 2000 261 2028 modo
280 1998 517 2035 praeveniatur
536 1998 578 2027 ab
599 2007 646 2034 ee,
666 1998 809 2027 liberum

56 2046 106 2073 est
119 2054 127 2080 ;
148 2044 178 2073 si
190 2053 268 2073 vero
279 2044 322 2073 ab
334 2043 495 2080 appetitu,
505 2052 701 2079 quocunqne
712 2044 810 2072 modo

6 2094 41 2123 25
57 2089 301 2127 praeveniente,
309 2089 471 2118 iudicium
477 2090 658 2125 moveatur,
666 2088 808 2117 liberum

57 2143 126 2164 eme
150 2143 218 2163 non
242 2136 360 2171 potest,
381 2134 461 2170 quia
480 2142 549 2162 non
571 2143 592 2163 a
615 2142 659 2171 se,
686 2135 744 2163 sed
767 2136 810 2163 ab

57 2180 124 2209 alio
136 2180 307 2216 captivum
319 2179 476 2210 trahitur.
499 2179 543 2208 Et
556 2179 638 2209 hinc
649 2182 707 2216 est,
721 2181 809 2216 quod
834 2194 835 2199 =

58 2226 157 2255 bruta
169 2225 332 2254 iudicium
351 2225 496 2254 liberum
515 2225 636 2254 habere
656 2234 724 2255 non
740 2235 810 2262 pos-
834 2244 835 2247 =

57 2274 147 2308 sunt,
163 2271 241 2308 quia
254 2280 369 2300 eorum
381 2270 507 2300 iudicia
517 2279 647 2306 semper
659 2271 810 2307 appetitu

8 2316 328 2354 aopi-aeveniuntur.
383 2315 429 2344 Et
454 2315 536 2344 hine
562 2315 664 2345 etiam
696 2319 809 2353 patere

58 2363 175 2399 potest,
203 2361 291 2398 quod
317 2360 524 2389 substantiae
551 2360 807 2398 intellectualem,

58 2417 200 2445 quarum
233 2409 315 2437 sunt
346 2407 573 2436 immutabiles
609 2408 808 2444 voluntates,

58 2463 120 2483 nec
147 2462 214 2483 non
241 2453 374 2482 animae
407 2456 577 2490 separatae
611 2454 694 2483 bene
727 2454 809 2483 hinc

58 2499 226 2535 abeuntes,
252 2498 442 2527 libertatem
469 2498 603 2527 arbitrii
622 2500 664 2527 ob
690 2499 810 2528 immu-

1544 165 1615 200 347

857 267 914 296 sed
948 267 1187 303 perfectissMe
1217 269 1316 302 atque
1350 265 1520 302 potissime
1553 265 1616 293 hoe

858 313 1014 342 retinent.

898 359 969 387 Hoc
989 358 1068 395 viso,
1090 358 1214 387 iterum
1234 357 1451 386 manifestum
1472 365 1540 385 esse
1561 365 1616 392 po-

857 405 934 440 test,
951 404 1038 439 quod
1056 403 1138 432 haec
1157 403 1302 438 libertae,
1323 402 1391 431 sive
1413 401 1615 438 principium

857 449 920 478 hoc
929 449 1032 478 totius
1042 449 1207 477 libertatis
1215 450 1356 484 nostrae,
1368 449 1418 476 est
1430 447 1615 475 maximum
1633 450 1671 476 40

858 495 983 523 donum
998 494 1165 522 humanae
1179 496 1320 521 naturae
1335 501 1355 520 a
1365 493 1433 521 Deo
1444 492 1613 527 collatum,

857 540 944 568 sicut
969 539 1059 575 dixi3
1087 538 1166 574 quia
1185 547 1244 574 per
1264 538 1374 574 ipsum
1396 537 1451 565 hic
1476 537 1616 565 felicita-

857 595 935 614 mur
958 587 997 614 ut
1017 585 1180 620 homines,
1203 593 1262 619 per
1281 583 1391 619 ipsum
1412 582 1492 611 alibi
1513 581 1616 610 felici-

857 633 971 659 tamur
990 632 1029 659 ut
1049 630 1112 659 Dii.
1156 630 1249 663 Quod
1266 629 1294 658 si
1313 629 1362 657 ita
1382 630 1441 665 est,
1458 627 1531 663 quis
1551 627 1615 656 erit

858 676 917 712 qui
944 676 1132 705 humanum
1159 683 1264 711 genus
1291 673 1416 710 optime
1438 682 1471 702 se
1494 673 1614 702 habere
1631 681 1667 708 45

858 731 927 750 non
942 722 1040 758 dicat,
1057 730 1160 757 quum
1176 719 1346 756 potissime
1367 719 1431 747 hoe
1451 718 1616 754 principio

858 767 962 803 possit
975 767 1051 795 uti?
1091 766 1156 795 Sed
1176 766 1321 794 existens
1340 765 1401 794 sub
1421 765 1614 801 Monamha,

858 815 908 842 est
939 812 1109 849 potissime
1142 811 1292 840 liberum.
1356 811 1495 846 Propter
1530 810 1618 845 quod

858 858 1041 894 sciendum,
1064 857 1152 893 quod
1178 857 1265 885 illud
1292 857 1342 885 est
1365 855 1508 884 liberum
1530 856 1617 890 quod

858 904 980 933 suimet
1014 905 1047 933 et
1081 911 1150 931 non
1177 902 1317 932 alterius
1350 901 1459 938 gratia
1490 902 1547 938 est,
1577 903 1616 929 ut
1632 906 1669 932 50

860 948 1062 986 Philosopho
1090 948 1200 985 placet
1227 947 1263 975 in
1292 947 1333 976 iis
1364 955 1447 982 quae
1475 947 1515 975 de
1540 946 1617 975 sim-

858 995 991 1031 pliciter
1011 995 1109 1023 Ente.
1152 993 1239 1022 Nam
1253 993 1288 1021 id
1307 993 1395 1029 quod
1415 994 1464 1021 est
1479 991 1616 1020 alterius

859 1041 976 1077 gratia,
1001 1039 1222 1069 necessitatur
1242 1039 1284 1068 ab
1304 1038 1371 1075 ino,
1393 1037 1487 1066 euius
1507 1037 1617 1074 gratia

861 1133 974 1162 Genus
994 1132 1192 1168 humanum,
1214 1131 1321 1160 solum
1342 1130 1529 1166 imperante
1549 1129 1616 1157 Mo-
1631 1136 1665 1164 55

860 1178 995 1215 nar-cha,
1017 1178 1069 1207 sui
1097 1180 1130 1206 et
1157 1186 1226 1205 non
1250 1176 1391 1205 alterius
1418 1175 1526 1212 gratia
1546 1177 1615 1212 est;

859 1226 942 1252 tunc
976 1223 1066 1253 enim
1101 1223 1210 1257 solum
1248 1222 1383 1258 politiae
1422 1220 1617 1257 diriguntur

859 1269 1020 1306 obliquae,
1033 1268 1254 1297 democratiae
1265 1267 1400 1304 scilicet,
1414 1266 1616 1303 oligarchiae

859 1317 959 1351 atque
973 1315 1180 1351 tyrannides,
1196 1323 1279 1351 quae
1299 1314 1336 1342 in
1355 1313 1551 1342 servitutem
1565 1322 1617 1342 co-

859 1363 944 1397 gunt
968 1370 1074 1398 genus
1097 1361 1294 1397 humanum,
1315 1362 1355 1389 ut
1378 1361 1471 1395 patet
1493 1359 1615 1388 diseur-
1632 1361 1671 1388 60

859 1407 949 1436 renti
987 1416 1046 1444 per
1079 1415 1202 1443 omnes,
1238 1408 1271 1435 et
1305 1405 1480 1442 politizant
1513 1414 1613 1441 reges,

858 1454 1089 1491 aristoeratici,
1115 1462 1196 1489 quos
1222 1452 1399 1488 optimates
1422 1453 1552 1487 vocant,
1582 1454 1615 1480 et

859 1499 973 1535 populi
997 1499 1163 1528 Libertatis
1183 1500 1352 1528 zelatores.
1393 1497 1486 1534 Quia,
1511 1506 1615 1533 quum

860 1545 1042 1574 Monarcha
1068 1546 1213 1574 maxime
1241 1545 1360 1580 diligat
1387 1543 1546 1579 homines,
1575 1545 1615 1572 ut

859 1589 928 1619 iam
955 1591 1086 1619 tactum
1120 1592 1179 1626 est,
1209 1589 1283 1618 vult
1316 1597 1430 1617 omnes
1463 1587 1615 1616 homines
1631 1587 1667 1621 65

860 1636 962 1665 bonos
986 1635 1068 1672 fieri,
1095 1636 1182 1672 quod
1207 1644 1274 1664 esse
1297 1643 1367 1663 non
1394 1635 1502 1670 potest
1526 1634 1615 1669 apud

859 1681 991 1718 oblique
1011 1681 1230 1718 politizantes.
1274 1681 1370 1709 Unde
1395 1679 1616 1715 Philosophus

859 1726 897 1755 in
924 1727 995 1756 suis
1022 1726 1173 1756 Politicis
1200 1727 1268 1756 ait:
1303 1726 1396 1760 Quod
1429 1725 1465 1754 in
1499 1725 1617 1761 politia
1635 1739 1643 1745 «

859 1772 992 1808 obliqua
1009 1773 1116 1801 bonus
1134 1772 1235 1801 homo
1255 1773 1305 1800 est
1326 1771 1434 1800 malus
1455 1770 1557 1807 eivis;
1578 1770 1616 1798 in

860 1819 952 1846 recta
977 1827 1063 1854 vero,
1089 1818 1196 1846 bonus
1223 1817 1321 1845 homo
1345 1818 1380 1845 et
1401 1815 1483 1845 civis
1510 1816 1616 1844 bonus
1633 1820 1670 1848 70

861 1865 1113 1892 convertuntur.
1170 1863 1214 1891 Et
1252 1861 1445 1890 huiusmodi
1480 1860 1615 1897 politiae

860 1910 970 1938 rectae
992 1909 1183 1938 libertatem
1208 1908 1405 1944 intendunt,
1426 1906 1556 1936 scilicet
1576 1909 1616 1935 ut

860 1954 1014 1983 homines
1028 1956 1163 1990 propter
1177 1963 1211 1982 so
1226 1954 1303 1983 sint.
1333 1953 1408 1981 Non
1423 1952 1513 1982 enim
1528 1952 1616 1981 cives

860 2002 995 2036 propter
1018 1999 1185 2036 Consules,
1211 2008 1272 2028 nec
1294 2007 1375 2035 gens
1398 2000 1533 2035 propter
1556 1999 1617 2027 R&

859 2054 955 2082 gem;
990 2046 1047 2074 sed
1075 2054 1092 2074 e
1119 2053 1276 2074 converso
1299 2045 1456 2073 Consules
1482 2046 1617 2080 propter
1634 2050 1667 2078 75

859 2091 956 2128 cives,
993 2092 1027 2119 et
1061 2091 1132 2119 Rex
1165 2092 1301 2127 propter
1333 2092 1474 2126 gentem.
1531 2090 1616 2124 Quia

859 2137 1141 2173 quemadmodum
1175 2145 1244 2165 non
1281 2136 1402 2173 politia
1437 2136 1480 2165 ad
1516 2135 1614 2172 leges,

859 2182 1011 2219 quinimo
1028 2183 1119 2218 leges
1138 2183 1181 2211 ad
1199 2182 1351 2218 politiam
1370 2183 1553 2219 ponuntur,
1568 2182 1616 2210 sio

859 2230 1043 2258 secundum
1064 2229 1171 2265 legem
1191 2228 1349 2265 viventes,
1367 2238 1435 2257 non
1457 2229 1500 2257 ad
1521 2228 1616 2264 legis-

859 2274 1001 2304 latorem
1028 2274 1238 2311 ordinantur,
1267 2275 1325 2303 sed
1355 2275 1462 2310 magis
1488 2274 1546 2302 ille
1573 2274 1616 2302 ad
1633 2274 1671 2300 80

860 2319 928 2356 hos,
954 2321 994 2348 ut
1021 2319 1124 2349 etiam
1151 2320 1350 2356 Philosopho
1374 2320 1483 2356 placet
1507 2319 1543 2347 in
1574 2319 1616 2348 iis

859 2374 943 2401 quae
971 2366 1012 2394 de
1039 2365 1206 2402 praesenti
1230 2365 1372 2394 materia
1396 2365 1491 2394 nobis
1513 2365 1554 2393 ab
1579 2374 1616 2393 eo

860 2410 978 2439 relicta
1004 2412 1094 2440 sunt.
1150 2410 1240 2439 Hinc
1267 2410 1369 2439 etiam
1396 2412 1498 2446 patet,
1528 2409 1616 2445 quod

860 2455 1013 2490 quamvis
1035 2455 1158 2485 Consul
1181 2455 1250 2484 sive
1272 2455 1343 2484 Rex
1367 2459 1519 2491 respectu
1543 2455 1616 2484 viae

859 2499 930 2528 sint
957 2500 1086 2529 domini
1112 2500 1276 2537 aliorum;
1316 2502 1469 2536 respectu
1502 2502 1614 2528 autem
1633 2503 1668 2535 85

9 2548 44 2576 35
58 2543 261 2574 tabilitatem
305 2543 488 2572 voluntatis
526 2552 592 2572 non
633 2544 808 2581 amittunt,
833 2558 837 2585 Ι
860 2544 997 2573 termini
1046 2545 1189 2574 aliorum
1240 2545 1388 2573 ministri
1440 2546 1529 2580 sunt,
1583 2546 1616 2571 et
