1780 2820
455 123 527 160 DE
555 120 926 161 MONARCHIA:
962 120 1013 158 ΙΙ.
1041 120 1134 157 CAP.
1164 132 1194 164 1,
1211 131 1246 156 2.

1564 127 1633 163 351

26 238 60 268 15
74 232 220 269 intuens,
242 233 340 262 illum
360 233 454 262 nullo
474 233 556 270 iure,
577 232 635 262 sed
654 239 827 261 armorum

74 279 308 308 tantummodo
334 278 504 315 violentia,
532 277 714 308 obtinuisse
741 276 827 305 arbi-

73 324 197 353 trabar.
239 324 304 353 Sed
317 325 492 360 postquam
504 322 701 353 medullitus
714 321 826 351 oculos

75 369 197 398 mentis
217 369 322 406 infixi,
343 371 377 398 et
400 378 460 405 per
482 368 708 398 efficacissima
731 367 828 404 signa

75 413 225 443 divinam
247 413 491 450 providentiam
510 413 573 442 hoc
593 412 736 442 effecisse
757 421 829 448 cog-

22 469 61 489 20
75 458 164 495 novi,
178 459 398 494 admiratione
413 460 558 495 cedente,
574 457 718 487 derisiva
731 466 828 494 quac-

75 505 154 533 dam
177 503 368 540 supervenit
389 503 560 540 despectio,
584 511 687 539 quum
711 505 827 539 gentes

75 549 224 579 noverim
257 551 374 578 contra
407 548 549 578 Romani
587 547 702 584 populi
735 557 828 584 prae-

75 595 294 624 eminentiam
334 594 516 631 fremuisse,
556 603 660 630 quum
696 593 828 622 videam

74 640 211 676 populos
220 648 307 669 vana
319 640 530 675 meditantes,
540 641 580 668 ut
593 638 662 675 ipse
673 638 826 675 solebam,

24 696 59 726 ²5
75 694 179 722 quum
191 684 329 722 insuper
341 685 480 721 doleam,
492 685 596 721 Reges
610 686 643 712 et
657 683 828 720 Principes

75 729 111 758 in
122 730 186 759 hoe
195 730 296 759 unico
305 731 553 766 concordantes,
563 733 602 759 ut
612 731 833 760 adversentur

75 775 217 805 Domino
222 777 330 811 suo,et
337 777 439 804 uncto
445 784 504 804 suo
512 776 663 804 Romano
669 776 828 812 Principi.

75 820 214 857 Propter
235 821 322 856 quod
349 820 498 857 derisive,
524 829 593 849 non
616 820 688 849 sine
717 820 828 850 dolore

75 867 227 903 quodam,
253 875 330 895 cum
355 866 415 895 illo
441 866 585 895 clamare
608 875 741 902 possum
768 875 828 902 pro

22 912 195 949 aopopulo
215 912 357 949 glorioso
380 914 414 941 et
435 921 494 948 pro
518 912 663 948 Caesare,
687 912 745 948 qui
767 921 828 948 pro

74 956 229 993 Principe
262 957 351 987 Coeli
385 958 569 987 clamabat:
605 958 612 972 ‘
623 957 732 991 Quare
765 958 828 986 fre-

74 1004 234 1032 muerunt
254 1005 378 1040 gentes,
394 1004 428 1032 et
440 1002 555 1039 populi
572 1002 729 1031 meditati
748 1005 829 1032 sunt

74 1047 214 1077 inania?
260 1047 474 1077 Adstiterunt
507 1057 599 1084 reges
639 1049 758 1085 terrae,
794 1050 828 1077 et

75 1093 241 1130 principes
254 1096 481 1123 convenerunt
491 1094 528 1123 in
541 1103 658 1131 unum,
668 1095 827 1124 adversus

24 1141 60 1170 35
76 1138 258 1168 Dominum
271 1142 306 1169 et
319 1140 477 1168 adversus
492 1139 662 1169 Christum
677 1140 766 1170 eius.‘

115 1185 240 1214 Verum
251 1185 342 1222 (quia
351 1185 518 1214 naturalis
527 1193 620 1213 amor
630 1185 828 1214 diuturnam

75 1238 145 1259 esse
166 1231 364 1260 derisionem
384 1240 451 1260 non
475 1231 613 1267 patitur,
635 1231 693 1260 sed
716 1233 756 1259 ut
780 1232 829 1260 sol

75 1276 219 1306 aestivus
245 1277 303 1313 qui
328 1277 474 1307 disiectis
497 1277 627 1307 nebulis
650 1277 828 1306 matutinis

74 1321 184 1351 oriens
234 1322 424 1352 luculentus
472 1322 622 1359 irradiat,
665 1323 828 1352 derisione

18 1372 59 1400 4ο
74 1367 204 1403 omissa,
219 1368 327 1397 lucem
347 1368 558 1398 correctionis
572 1368 741 1398 effundere
761 1378 828 1397 ma-

74 1412 206 1448 vult)ad
215 1412 473 1449 dirumpendum
479 1414 614 1443 vincula
618 1413 827 1450 ignorantiae

75 1457 203 1494 Regum
226 1460 325 1495 atque
347 1459 541 1495 Principum
561 1459 690 1495 talium,
712 1460 755 1488 ad
778 1468 827 1488 os-

74 1504 282 1533 tendendum
304 1512 409 1541 genus
432 1504 620 1533 humanum
640 1505 783 1534 liberum
807 1514 827 1533 a

74 1548 152 1586 iugo
167 1549 323 1587 ipsorum,
339 1559 416 1579 cum
430 1550 598 1586 Propheta
617 1550 827 1579 sanctissimo

21 1600 59 1629 45
74 1602 181 1624 meme
220 1595 474 1631 subsequentem
514 1595 679 1632 hortabor,
718 1596 827 1625 subse-

74 1639 213 1676 quentia
249 1641 503 1670 subadsumens:
552 1641 826 1678 ‘Dirumpamus,'

73 1685 236 1722 videlieet,
260 1686 268 1701 ‘
279 1686 413 1715 vincula
432 1695 555 1723 eorum,
577 1687 611 1715 et
628 1686 827 1722 proiciamus

73 1739 95 1760 a
107 1730 201 1760 nobis
213 1731 330 1768 iugum
342 1731 509 1768 ipsorum.’

114 1775 205 1805 Haeo
218 1776 370 1813 equidem
390 1778 456 1806 duo
473 1777 555 1807 fient
571 1778 783 1814 sufficienter,
798 1778 826 1806 si

23 1831 62 1858 50
74 1822 255 1853 mundam
286 1824 417 1858 partem
450 1822 635 1859 praeuntis
667 1823 826 1859 propositi

74 1868 294 1903 prosequutus
302 1867 405 1903 fuero,
416 1870 450 1896 et
459 1868 617 1896 instantis
625 1868 826 1904 quaestionis

74 1912 250 1942 veritatem
263 1914 444 1942 ostendero.
486 1913 573 1942 Nam
586 1922 646 1949 per
655 1913 727 1949 hoo,
738 1914 825 1949 quod

0 1962 1 2006 χ
74 1956 262 1987 Romanum
279 1957 455 1995 imperim
472 1959 513 1987 de
524 1958 600 1987 iure
620 1958 720 1987 fuisse
734 1968 826 1988 mon-

73 2003 244 2041 strabitur,
260 2012 328 2032 non
347 2003 454 2032 solum
471 2003 513 2031 ab
527 2003 631 2032 oculis
649 2003 777 2040 Regum
791 2007 825 2034 et

0 2037 3 2091 Ι
22 2052 58 2081 55
74 2048 277 2085 Principum,
292 2048 351 2085 qui
369 2049 594 2085 gubernacula
612 2049 745 2085 publica
762 2050 825 2079 sibi

1 2094 3 2139 Ι
73 2095 248 2130 usurpant,
263 2094 326 2123 hoc
346 2094 454 2131 ipsum
474 2095 515 2124 de
536 2095 685 2123 Romano
704 2097 825 2132 populo

2 2145 4 2181 ζ
73 2139 279 2169 mendaciter
298 2139 533 2175 existimantes,
548 2140 755 2176 ignorantiae
769 2151 824 2171 ne-

2 2187 6 2231 j
73 2186 154 2215 bula
165 2186 313 2222 eluetur3
334 2186 391 2215 sed
411 2186 568 2215 mortales
580 2195 695 2216 omnes
708 2196 776 2217 esse
790 2196 824 2217 se

0 2232 7 2281 l
71 2232 192 2262 liberos
211 2241 232 2260 a
251 2231 329 2268 iugo
347 2231 395 2260 sic
414 2231 649 2268 usurpantium
670 2241 825 2270 recogno·

4 2273 60 2308 l⁶0
73 2278 180 2306 scent-
218 2276 350 2305 Veritas
362 2277 475 2304 autem
493 2276 694 2312 quaestionis
711 2279 825 2314 patere

5 2332 8 2358 ι
72 2319 181 2359 potest
207 2330 276 2350 non
303 2321 410 2350 solum
436 2321 563 2350 lumine
597 2322 736 2352 rationis
762 2323 824 2352 hu-

5 2377 8 2394 ι
71 2376 201 2403 manae,
216 2367 273 2396 sed
293 2367 395 2396 etiam
415 2367 508 2396 radio
528 2367 661 2397 divinae
681 2369 823 2398 anctori-

6 2421 7 2428 ¹
71 2412 162 2442 tatis.
204 2412 294 2446 Quae
318 2412 383 2441 duo
403 2421 507 2448 quum
526 2413 626 2443 simul
650 2414 693 2443 ad
717 2423 824 2444 unum

6 2461 8 2476 ’ν
73 2460 287 2495 concurrunt,
327 2458 456 2487 coelum
495 2460 529 2488 et
564 2461 690 2489 terram
722 2460 823 2489 simul

6 2501 58 2538 ;65
73 2502 232 2533 mentire
268 2511 400 2533 necesse
433 2504 491 2533 est.
540 2503 648 2542 Igitur
681 2505 823 2535 fiduciae

0 2378 2 2414 l

0 2415 1 2437 η

878 231 1094 266 praenotatae
1103 229 1250 264 innixus,
1259 230 1292 257 et
1299 226 1489 257 testimonio
1494 225 1636 254 rationis

879 278 913 305 et
937 275 1148 305 auctoritatis
1170 275 1365 311 praefrctus,
1388 274 1431 302 ad
1453 273 1635 302 secundam

880 321 1108 358 quaestionem
1123 320 1345 349 dirimendam
1359 318 1534 355 ingredior.

918 366 974 397 11.
996 367 1175 402 Postquam
1209 365 1420 399 sufficienter,
1450 364 1635 392 secundum

880 413 968 449 quod
982 411 1123 440 materia
1141 410 1278 447 patitur,
1295 410 1335 438 de
1349 410 1489 438 veritate
1508 408 1634 444 primae

881 457 1100 487 dubitationis
1120 456 1319 492 inquisitum
1340 457 1399 492 est,
1414 454 1520 483 instat
1541 463 1634 482 nunc

881 505 922 532 de
935 503 1076 532 veritate
1096 502 1260 531 secundae
1280 500 1469 536 inquirere:
1488 500 1551 528 hoo
1571 500 1632 535 est,

880 551 998 578 utrum
1018 549 1188 577 Romanus
1201 546 1342 583 populus
1363 546 1403 574 de
1418 546 1491 574 iure
1505 545 1567 574 sibi
1578 545 1634 573 ad-
1652 552 1669 580 5

881 594 1015 624 sciverit
1036 593 1174 630 Imperii
1193 591 1401 629 dignitatem.
1445 590 1546 619 Cuius
1564 590 1635 626 qui-

881 641 957 669 dem
975 638 1202 676 inquisitionis
1220 636 1425 674 principium
1446 638 1506 671 est,
1522 636 1634 664 videre

881 695 965 722 quae
991 685 1036 714 sit
1062 685 1122 713 illa
1144 683 1268 713 veritas
1295 683 1331 711 in
1359 691 1460 719 quam
1488 681 1633 710 rationes

880 730 1106 768 inquisitionis
1132 729 1326 766 praesentis,
1355 728 1447 757 velut
1475 728 1511 756 iu
1543 727 1634 763 prin-

880 776 1005 812 cipium
1018 776 1198 812 proprium,
1214 775 1428 804 reducantur.
1656 783 1690 801 10

920 822 1100 851 Sciendum
1120 822 1169 851 est
1188 820 1300 857 igitur,
1316 820 1403 856 quod
1423 820 1633 856 quemadmo-

879 869 961 896 dum
982 876 1037 897 ars
1056 867 1095 896 in
1115 867 1241 903 triplici
1265 867 1371 903 gradu
1390 865 1572 901 invenitur,
1595 865 1631 893 in

880 915 991 942 mente
1011 913 1137 942 scilicet
1158 912 1305 948 artificis,
1327 912 1363 940 in
1386 920 1518 948 organo,
1542 912 1576 939 et
1596 910 1633 939 in

879 958 1019 988 materia
1028 958 1173 987 formata
1180 966 1240 994 per
1247 959 1364 994 artem,
1374 957 1421 986 sic
1430 958 1464 986 et
1474 958 1633 984 naturam

879 1003 916 1032 in
936 1003 1062 1040 triplici
1082 1003 1187 1040 gradu
1201 1011 1374 1038 possumus
1394 1001 1529 1030 intueri.
1572 1001 1634 1030 Est
1654 1005 1685 1033 15

880 1050 971 1079 enim
984 1051 1107 1078 natura
1120 1049 1156 1077 in
1170 1051 1282 1077 mente
1295 1048 1395 1084 primi
1414 1047 1559 1083 motoris,
1576 1046 1634 1083 qui

881 1096 970 1124 Deus
997 1096 1055 1132 est,
1085 1094 1204 1123 deinde
1230 1093 1267 1122 in
1294 1094 1383 1122 coelo
1408 1095 1570 1128 tanquam
1596 1091 1633 1120 in

880 1150 1012 1178 organo,
1024 1150 1088 1177 quo
1096 1139 1265 1169 mediante
1279 1138 1464 1168 similitudo
1474 1137 1634 1166 bonitatis

880 1188 1036 1215 aeternae
1063 1185 1099 1214 in
1122 1185 1312 1213 fluitantem
1333 1183 1509 1211 materiam
1531 1181 1633 1218 expli-

881 1233 985 1261 eatur.
1029 1231 1073 1260 Et
1091 1229 1368 1267 quemadmodum
1386 1227 1531 1264 perfecto
1551 1227 1632 1256 exis·
1653 1236 1687 1255 20

880 1279 972 1306 tente
999 1277 1136 1312 artifice,
1164 1278 1264 1312 atque
1297 1274 1420 1310 optime
1447 1282 1571 1310 organo
1598 1282 1632 1302 se

879 1323 1033 1359 habente,
1049 1322 1077 1351 si
1091 1322 1266 1357 contingat
1279 1321 1451 1356 peccatum
1470 1319 1507 1348 in
1524 1319 1633 1347 forma

879 1370 969 1406 artis,
985 1369 1145 1398 materiae
1161 1369 1297 1396 tantum
1315 1366 1551 1401 imputandum
1572 1366 1631 1401 est,

879 1415 936 1451 sic,
971 1423 1076 1451 quum
1108 1414 1196 1443 Deus
1226 1412 1384 1440 ultimum
1420 1410 1633 1446 perfeetionis

879 1460 1036 1496 attingat,
1065 1461 1099 1488 et
1132 1458 1396 1487 instrumentum
1431 1455 1499 1484 eius
1532 1457 1631 1492 (quod
1649 1466 1682 1494 25

879 1506 1007 1534 coelum
1031 1506 1092 1539 est)
1114 1504 1247 1532 nullum
1268 1502 1396 1531 debitae
1420 1501 1633 1538 perfectionis

878 1551 1028 1587 patiatur
1048 1550 1225 1585 defectum,
1246 1550 1286 1577 ut
1311 1557 1351 1576 ex
1373 1546 1415 1576 iis
1435 1548 1528 1583 patet
1548 1556 1632 1583 quac

879 1597 920 1625 de
958 1596 1059 1625 coelo'
1086 1594 1368 1632 philosophamur,
1404 1594 1508 1621 restat
1544 1594 1631 1629 quod

879 1641 1041 1677 quidquid
1066 1641 1102 1670 in
1130 1640 1226 1669 rebus
1249 1638 1459 1667 inferioribus
1483 1639 1533 1666 est
1559 1647 1631 1674 pec-

879 1689 1003 1723 catum,
1033 1696 1073 1716 ex
1107 1687 1203 1722 parte
1237 1683 1396 1712 materiae
1430 1683 1632 1712 subiacentis
1647 1691 1684 1717 30

878 1734 1051 1768 peccatum
1065 1731 1118 1766 sit,
1134 1732 1168 1759 et
1182 1731 1313 1766 praeter
1334 1727 1556 1756 intentionem
1570 1728 1631 1757 Dei

879 1777 1074 1806 naturantis
1097 1778 1130 1805 et
1157 1774 1257 1811 coeli3
1293 1776 1326 1803 et
1355 1774 1441 1809 quod
1469 1773 1631 1809 quidquid

878 1825 928 1851 est
954 1822 991 1851 in
1012 1822 1110 1851 rebus
1132 1819 1345 1849 inferioribus
1369 1819 1500 1854 bonum,
1527 1828 1631 1855 quum

877 1868 920 1896 ab
946 1867 1019 1904 ipsa
1044 1866 1185 1896 materia
1219 1874 1288 1895 esse
1320 1873 1388 1892 non
1422 1863 1533 1900 possit,
1561 1865 1632 1894 sola

877 1913 1028 1948 potentia
1049 1912 1221 1947 existente,
1245 1919 1303 1946 per
1326 1909 1419 1945 prius
1439 1910 1481 1937 ab
1503 1909 1631 1939 artifice
1647 1919 1682 1948 35

878 1959 946 1987 Deo
978 1958 1032 1994 sit,
1068 1959 1102 1986 et
1134 1955 1329 1986 secundario
1362 1963 1384 1983 a
1416 1955 1513 1990 coelo,
1542 1955 1630 1990 quod

876 2012 1040 2040 organum
1048 2005 1098 2032 est
1108 2002 1190 2031 artis
1201 2001 1342 2036 divinae,
1354 2009 1454 2036 quam
1465 2000 1630 2029 Naturam

876 2050 1100 2078 communiter
1112 2048 1290 2085 appellant.

916 2095 968 2124 Ex
988 2095 1042 2124 his
1061 2094 1129 2123 iam
1152 2093 1259 2129 liquet
1279 2093 1367 2129 quod
1389 2092 1441 2120 ius
1461 2101 1564 2128 quum
1584 2091 1629 2120 sit

876 2141 1010 2176 bonum,
1032 2149 1091 2177 per
1114 2138 1206 2176 prius
1227 2138 1263 2166 in
1284 2139 1395 2166 mente
1419 2137 1479 2166 Dei
1500 2139 1567 2166 est:
1595 2138 1630 2166 et
1645 2148 1684 2175 4⁰

876 2195 980 2223 quum
1000 2194 1097 2214 omne
1117 2185 1204 2221 quod
1226 2183 1262 2212 in
1285 2185 1397 2212 mente
1420 2182 1481 2211 Dei
1502 2184 1561 2219 est,
1585 2182 1629 2212 sit

877 2233 966 2262 Deus
985 2231 1093 2267 (iuxta
1108 2230 1195 2259 illud
1207 2241 1214 2259 ε
1245 2230 1252 2244 ⁶
1263 2229 1357 2263 Quod
1371 2229 1501 2257 factum
1515 2230 1575 2265 est,
1592 2228 1628 2257 in

875 2278 947 2314 ipso
960 2277 1031 2306 vita
1044 2276 1156 2312 erat');
1178 2277 1212 2304 et
1225 2275 1314 2304 Deus
1327 2273 1470 2302 maxime
1484 2273 1629 2310 seipsum

875 2322 966 2359 velit,
982 2321 1132 2358 sequitur
1153 2321 1240 2357 quod
1261 2319 1313 2348 ius
1333 2328 1354 2348 a
1374 2319 1452 2355 Deo,
1470 2320 1569 2354 prout
1589 2318 1627 2347 in

875 2377 913 2398 eo
928 2370 987 2404 est,
1003 2367 1047 2396 sit
1061 2366 1211 2396 volitum.
1254 2365 1298 2393 Et
1311 2373 1413 2400 quum
1427 2364 1582 2393 voluntas
1596 2366 1629 2393 et
1646 2372 1683 2400 45

876 2413 1016 2443 volitum
1030 2413 1066 2442 in
1076 2413 1144 2440 Deo
1158 2411 1203 2440 sit
1218 2411 1315 2446 idem,
1327 2409 1478 2445 sequitur
1487 2409 1629 2438 ulterius

875 2459 963 2496 quod
983 2458 1099 2487 divina
1112 2457 1267 2486 voluntas
1287 2456 1332 2485 sit
1352 2455 1461 2491 ipsum
1482 2455 1542 2485 ius.
1586 2455 1629 2484 Et

875 2505 999 2535 iterum
1013 2514 1054 2534 ex
1066 2504 1130 2532 hoc
1143 2503 1294 2540 sequitur
1313 2503 1399 2539 quod
1415 2502 1466 2530 ius
1479 2501 1516 2529 in
1531 2501 1629 2530 robus
