1780 2820
141 143 212 190 364

143 254 205 283 hoc
233 263 348 283 verum
375 262 443 283 non
472 255 566 290 esset,
596 252 894 283 contradictorium

143 299 213 328 eius
234 308 302 328 non
325 301 409 328 esset
429 299 560 336 falsum,
583 299 670 335 quod
692 300 761 328 est:
787 299 894 327 Deum

142 352 208 372 non
237 344 326 373 nolle
353 345 440 381 quod
469 347 611 373 naturae
638 344 819 373 intentioni
846 353 894 372 re-

94 398 124 424 15
142 392 277 426 pugnat.
320 390 364 419 Et
387 390 416 419 si
436 390 499 418 1100
522 399 590 418 11011
613 389 744 426 falsum,
771 398 831 418 nec
856 398 894 418 ea

142 444 226 472 quae
250 438 436 472 sequuntur
459 436 500 464 ml
527 435 645 471 ipsum.
689 435 894 470 Impossibile

142 481 231 510 enim
266 483 315 510 est
349 481 385 509 in
422 480 616 509 necessariis
651 480 895 515 consequentiis

142 527 265 555 falsum
280 535 349 556 esse
364 535 576 562 consequens,
593 526 812 554 antecedente
826 534 894 553 non

141 572 224 601 falso
238 572 408 602 existente.

88 629 125 648 20
181 618 245 646 Sed
278 618 320 646 ad
352 626 420 645 non
453 617 540 646 nolle
574 617 719 646 alterum
753 617 894 644 duorum

141 663 292 699 sequitur
325 663 365 692 de
393 663 597 698 necessitate,
627 664 686 691 aut
712 661 805 697 velle,
835 663 894 690 aut

141 717 208 737 non
223 708 323 737 velle:
344 708 431 736 sicut
450 709 493 736 ad
510 717 577 736 non
598 707 689 736 odire
709 707 895 736 necessario

141 753 301 791 sequitur,
314 755 373 782 aut
386 762 507 790 amare,
521 755 579 782 aut
594 762 661 781 non
676 761 802 782 amare:
825 761 892 780 non

141 799 232 828 enim
259 808 327 828 non
357 807 469 828 amare
503 800 553 827 est
586 798 697 834 odire;
731 807 793 826 nec
826 806 892 826 non

91 852 125 880 25
141 845 224 875 velle
252 847 300 873 est
322 844 420 881 nolle,
439 846 478 872 ut
498 844 538 872 de
559 852 593 873 se
620 845 720 879 patet.
764 843 853 877 Quae
867 843 895 871 si

142 890 227 920 falsa
242 899 311 919 non
324 892 414 926 sunt,
430 889 495 918 ista
515 898 582 917 non
603 889 666 918 erit
683 888 784 917 falsa:
805 889 895 917 Deus

142 937 216 965 vult
237 937 323 972 quod
344 945 413 964 non
433 935 526 972 vult;
558 935 652 963 cuius
674 934 805 963 falsitas
827 943 893 962 non

142 981 243 1010 habet
257 981 464 1017 superiorem.

183 1027 277 1061 Quod
304 1029 417 1055 autem
441 1035 558 1055 verum
578 1025 622 1054 sit
646 1026 734 1062 quod
761 1024 894 1060 dicitur,

91 1080 126 1106 30
142 1073 189 1102 sic
210 1073 362 1102 declaro:
384 1072 602 1101 Manifestum
623 1074 672 1100 est
697 1071 783 1108 quod
809 1071 897 1099 Deus

143 1120 244 1148 finem
263 1120 404 1146 naturae
417 1117 508 1146 vult:
527 1117 627 1145 aliter
645 1117 774 1145 coelum
794 1116 896 1144 otiose

143 1165 350 1199 moveretur3
372 1163 461 1199 quod
479 1162 658 1191 dicendum
677 1170 745 1190 non
761 1163 818 1191 est.
862 1161 897 1190 Si

143 1210 232 1238 Deus
254 1208 355 1238 vellet
379 1207 658 1243 impedimentum
686 1206 773 1243 finis,
797 1207 897 1235 vellet

144 1255 246 1283 etiam
268 1254 370 1282 finem
390 1252 642 1289 impedimenti;
675 1252 774 1280 aliter
795 1252 897 1280 etiam

94 1305 128 1332 35
144 1300 245 1329 otiose
271 1300 381 1328 vellet.
438 1299 482 1327 Et
516 1307 619 1333 quum
652 1297 729 1326 finis
762 1297 898 1332 impedi-

144 1345 250 1374 menti
277 1345 329 1381 sit,
356 1353 424 1372 non
453 1352 521 1373 esse
543 1343 591 1371 rei
619 1342 818 1378 impeditam
851 1351 898 1371 se-

145 1394 301 1428 queretur
335 1392 442 1420 Deum
474 1390 558 1418 velle
589 1398 657 1417 non
692 1397 761 1417 esse
794 1388 897 1416 finem

145 1439 286 1466 naturae
302 1445 400 1472 quem
414 1435 539 1464 dicitur
553 1434 636 1463 velle
651 1443 727 1463 esse.

185 1482 222 1511 Si
236 1482 327 1511 enim
338 1482 426 1510 Deus
435 1489 503 1508 non
512 1479 611 1508 vellet
621 1479 897 1515 impedimentum

91 1534 131 1562 40
148 1527 232 1564 finis,
247 1529 346 1563 prout
361 1535 428 1554 non
442 1526 549 1561 vellet,
566 1527 758 1560 sequeretur
771 1525 814 1553 ad
828 1534 895 1553 non

146 1573 239 1609 velle,
253 1572 342 1600 nihil
355 1572 396 1600 de
415 1571 652 1607 impedimento
669 1572 811 1606 curaret,
831 1570 898 1598 sivc

146 1620 229 1647 esset
262 1618 331 1647 sive
357 1626 425 1645 non
451 1618 543 1646 esset.
587 1616 650 1645 Sed
678 1615 735 1652 qui
762 1615 898 1651 impedi-

145 1666 298 1692 mentum
329 1671 398 1690 11011
434 1663 539 1698 curat,
570 1670 642 1690 rem
675 1669 758 1696 (11100
791 1662 899 1696 potest

145 1709 299 1746 impediri
327 1717 395 1737 non
420 1710 525 1745 curat,
551 1710 584 1737 et
607 1716 667 1743 per
696 1715 899 1743 consequens

91 1765 127 1793 45
145 1765 213 1785 non
227 1756 329 1784 habet
343 1755 380 1783 in
393 1754 575 1790 voluntate,
591 1756 624 1782 et
639 1754 727 1789 quod
745 1753 818 1788 quis
832 1761 898 1780 non

145 1801 246 1829 habet
268 1800 305 1829 111
332 1801 515 1836 voluntate,
542 1808 611 1827 non
638 1799 720 1827 vult.
763 1798 900 1833 Propter

145 1845 242 1882 quod,
271 1845 300 1875 si
326 1844 405 1874 finis
430 1846 572 1873 naturae
598 1842 754 1878 impediri
780 1844 898 1879 potest,

146 1890 233 1927 quod
247 1892 364 1927 potest,
379 1890 420 1918 de
433 1889 631 1918 necessitate
643 1887 800 1924 sequitur,
813 1888 899 1923 quod

146 1937 235 1966 Deus
262 1936 364 1964 finem
390 1937 533 1963 naturae
566 1942 636 1962 non
662 1933 757 1969 vult3
793 1935 827 1962 et
853 1933 899 1961 sic

92 1991 129 2019 50
147 1981 298 2017 sequitur
311 1980 411 2017 prius,
425 1980 580 2008 videlicet
593 1980 701 2007 Deum
715 1978 799 2006 velle
813 1979 900 2013 quod

146 2036 215 2056 11011
240 2027 322 2056 vult.
363 2026 583 2055 Verissimum
610 2026 659 2054 est
686 2024 790 2061 igitur
816 2023 901 2052 illud

145 2072 358 2109 principium,
377 2081 416 2100 ex
438 2071 533 2100 cuius
554 2069 811 2099 contradictorio
830 2071 901 2097 tam

146 2119 291 2147 absurda
304 2119 498 2153 sequuntur.

186 2163 263 2194 ΙΙΙ.
286 2164 328 2191 In
342 2163 485 2191 introitu
504 2163 547 2191 ad
567 2162 794 2199 quaestionem
812 2162 901 2190 hanc

146 2211 263 2238 notare
283 2210 422 2244 oportet,
446 2209 533 2243 quod
554 2208 679 2244 primae
701 2208 902 2244 quaestionis

146 2254 270 2284 veritas
283 2253 389 2290 magis
406 2253 656 2281 manifestanda
674 2253 739 2281 fuit
753 2254 796 2281 ad
810 2253 902 2290 igno-

147 2299 295 2329 rantiam
317 2299 510 2334 tollendam,
534 2306 633 2333 quam
654 2299 697 2326 ad
717 2298 902 2327 tollendum

112 2348 130 2376 5
147 2344 303 2382 litigium.
346 2343 410 2372 Sed
424 2352 508 2379 quae
526 2343 593 2371 fuit
612 2344 775 2372 secundae
789 2352 902 2379 quaes-

148 2390 252 2419 tionis
278 2389 436 2425 quaestio,
465 2388 649 2424 aequaliter
676 2389 719 2416 ad
747 2388 902 2424 ignoran-

148 2436 233 2464 tiam
247 2437 280 2464 et
295 2433 442 2471 litigium
455 2442 489 2463 se
503 2434 611 2463 habet.
655 2434 764 2463 Multa
778 2434 902 2463 etenim

149 2480 350 2517 ignoramus,
383 2479 422 2507 (10
457 2478 576 2514 quibus
609 2487 677 2507 non
712 2479 902 2516 litigamus3

148 2534 229 2556 nam
255 2526 423 2562 geometra
449 2525 565 2554 circuli
589 2526 829 2561 quadraturam
856 2525 902 2562 ig-

519 141 591 178 DE
621 139 986 178 MONARCHIA:
1025 140 1096 178 111.
1123 140 1217 178 CAP.
1242 153 1277 186 2,
1295 152 1328 188 3.

947 255 1054 289 norat,
1076 262 1143 281 non
1165 254 1279 281 tamen
1301 253 1342 281 de
1363 252 1435 288 ipsa
1455 252 1585 289 litigat3
1609 252 1698 281 theo-
1719 261 1753 280 ιο

946 298 1040 333 logus
1054 307 1130 326 vero
1145 306 1324 326 numerum
1339 298 1541 334 Angelorum
1556 297 1697 334 ignorat,

947 352 1013 371 non
1029 346 1143 372 tamen
1158 343 1198 371 de
1213 343 1271 371 illo
1288 343 1433 379 litigium
1454 343 1553 378 facit;
1575 343 1699 379 Aegyp-

946 388 1014 416 tius
1043 397 1118 416 vero
1153 388 1354 423 Scytharum
1389 388 1594 423 civilitatem,
1631 396 1698 416 non

947 435 1081 468 propter
1105 433 1167 461 1100
1196 434 1236 461 (10
1265 433 1410 469 ipsorum
1438 433 1598 462 civilitate
1625 442 1700 461 con-

946 479 1064 508 tendit.
1722 489 1751 517 ¹5

986 523 1095 552 Huius
1109 523 1243 559 quidem
1262 524 1381 553 tertiae
1399 523 1599 560 quaestionis
1618 523 1702 553 veri-

946 570 998 597 tas
1024 570 1160 597 tantum
1186 569 1287 598 habet
1308 569 1464 605 litigium,
1487 572 1525 597 ut
1547 570 1702 605 quemad-

947 615 1082 643 modum
1109 614 1146 643 in
1180 615 1256 643 aliis
1290 615 1483 651 ignorantia
1517 615 1598 644 solet
1633 624 1701 644 esso

946 668 1046 689 causa
1059 659 1170 696 litigii,
1185 660 1232 688 sic
1251 660 1307 688 hic
1327 660 1472 696 litigium
1493 669 1592 689 cansa
1611 660 1702 697 igno-

945 706 1074 734 rantiae
1098 706 1141 734 sit
1166 706 1280 742 magis.
1323 706 1523 734 Hominibus
1547 715 1699 742 namquo,
1718 714 1754 733 20

947 751 1085 780 rationis
1112 751 1276 780 intuitum
1303 751 1476 780 voluntate
1510 752 1702 787 praevolan-

946 796 1045 833 tibus,
1075 796 1137 825 hoc
1167 805 1296 832 semper
1329 796 1515 832 contingit:
1548 799 1587 824 ut
1614 797 1701 826 male

947 841 1067 878 affecti,
1084 842 1210 870 lumine
1226 842 1366 870 rationis
1379 841 1567 878 postposito,
1579 842 1702 870 affectu

947 887 1041 923 quasi
1075 887 1164 916 caeci
1198 887 1388 923 trahantur,
1421 889 1454 915 et
1486 886 1704 922 pertinaciter

947 942 1042 962 suam
1076 934 1242 969 denegent
1274 933 1477 962 caecitatem.
1535 932 1630 961 Unde
1664 932 1703 960 fit
1720 937 1754 965 25

948 988 1102 1015 persaepe
1123 979 1210 1015 quod
1231 988 1299 1007 non
1325 979 1431 1007 solum
1452 978 1582 1007 falsitas
1602 978 1703 1014 patri-

949 1024 1100 1052 monium
1121 1024 1251 1060 habeat,
1267 1025 1324 1052 sed
1343 1026 1383 1052 ut
1405 1024 1562 1060 plerique,
1578 1024 1618 1052 de
1635 1024 1704 1053 suis

949 1069 1103 1099 terminis
1129 1070 1343 1106 egredientes,
1371 1079 1430 1106 per
1457 1070 1570 1098 aliena
1594 1072 1705 1098 castra

950 1115 1151 1151 discurrant,
1180 1116 1238 1144 ubi
1265 1115 1353 1144 nihil
1381 1115 1606 1152 intelligentes
1630 1115 1704 1153 ipsi,

949 1161 1038 1189 nihil
1075 1161 1334 1197 intelliguntur3
1372 1163 1406 1189 et
1439 1161 1486 1190 sic
1524 1163 1705 1196 provocant
1721 1169 1758 1196 30

950 1207 1110 1242 quosdam
1131 1207 1174 1235 ad
1193 1206 1289 1243 iram,
1305 1207 1465 1243 quosdrm
1485 1207 1528 1235 ad
1549 1206 1705 1243 dedigna-

950 1251 1086 1287 tionem,
1102 1251 1282 1280 nonnullos
1296 1252 1338 1279 ad
1354 1251 1465 1280 risum.

990 1297 1100 1332 Igitur
1114 1298 1231 1325 contra
1244 1296 1419 1325 veritatem
1434 1306 1517 1332 quae
1533 1297 1706 1333 quaeritur

949 1342 1017 1371 tria
1049 1342 1224 1371 hominum
1255 1351 1377 1378 genera
1407 1342 1552 1371 maxime
1585 1342 1705 1371 colluef

950 1390 1077 1417 tantur.
1722 1392 1756 1421 35

990 1434 1145 1462 Summus
1185 1442 1329 1469 namque
1371 1433 1532 1470 Pontifex,
1571 1434 1706 1463 Domini

950 1479 1056 1507 nostri
1089 1479 1164 1507 Iesu
1205 1479 1329 1508 Christi
1362 1479 1515 1508 Vicarius
1548 1480 1582 1508 et
1615 1479 1706 1508 Petri

950 1533 1125 1561 successor,
1147 1524 1201 1553 cui
1221 1533 1290 1553 non
1315 1524 1476 1561 quidquid
1498 1525 1628 1554 Christo
1647 1526 1705 1554 sed

951 1570 1112 1606 quidquid
1145 1570 1242 1599 Petro
1275 1571 1438 1606 debemus,
1467 1571 1537 1599 zelo
1567 1571 1705 1600 fortasse

951 1616 1104 1652 clavium,
1127 1625 1188 1644 nec
1213 1624 1282 1644 non
1306 1615 1364 1644 alii
1389 1624 1526 1652 gregum
1549 1616 1706 1645 Christia-
1721 1619 1761 1647 4⁰

951 1670 1072 1689 norum
1092 1664 1249 1697 pastores,
1274 1663 1308 1690 et
1331 1661 1390 1690 alii
1413 1671 1493 1697 quos
1520 1662 1616 1690 credo
1636 1662 1706 1690 zelo

951 1707 1019 1735 solo
1031 1707 1152 1735 matris
1165 1707 1332 1735 Ecclesiae
1350 1707 1544 1743 promoveri,
1559 1707 1704 1744 veritati,

951 1761 1052 1788 quam
1071 1755 1266 1781 ostensurus
1285 1761 1368 1789 sum,
1385 1753 1425 1782 de
1444 1753 1512 1782 zelo
1530 1753 1642 1782 forsan
1656 1755 1706 1789 (111

952 1798 1040 1834 dixi),
1057 1806 1125 1826 non
1140 1798 1180 1826 de
1194 1798 1356 1834 superbia,
1373 1798 1616 1828 contradicunt.

993 1843 1135 1876 Quidam
1167 1852 1243 1871 vero
1273 1843 1342 1879 alii,
1371 1852 1514 1878 quorum
1540 1844 1708 1874 obstinata
1723 1849 1762 1878 45

953 1889 1119 1924 cupiditas
1130 1888 1244 1917 lumen
1258 1889 1400 1918 rationis
1411 1889 1565 1927 extinxit,
1578 1892 1612 1919 et
1626 1891 1707 1918 dum

953 1943 993 1962 ex
1012 1936 1107 1970 patre
1126 1934 1254 1962 diabolo
1267 1936 1357 1971 sunt,
1380 1934 1547 1964 Ecclesiae
1565 1943 1599 1964 se
1620 1935 1707 1964 filios

953 1987 1021 2007 esse
1036 1979 1163 2015 dicunt,
1179 1987 1247 2006 non
1261 1978 1369 2007 solum
1387 1978 1424 2007 in
1438 1978 1501 2007 1100
1515 1980 1707 2015 quaestione

952 2024 1099 2060 litigium
1118 2025 1261 2059 movent,
1277 2024 1334 2052 sed
1352 2024 1568 2053 sacratissimi
1581 2025 1707 2053 Princi-

952 2071 1050 2104 patus
1059 2068 1256 2097 vocabulum
1264 2069 1488 2105 abhorrenteS,
1500 2070 1706 2105 superiorum
1719 2078 1760 2106 50

953 2115 1188 2151 quaestionum
1220 2118 1253 2144 et
1285 2115 1386 2144 huius
1413 2116 1578 2152 principia
1600 2116 1706 2152 impu-

954 2162 1072 2189 denter
1085 2163 1254 2197 negarent.

994 2208 1081 2236 Sunt
1112 2207 1214 2236 etiam
1241 2207 1334 2236 tertii
1365 2216 1445 2244 quos
1471 2207 1708 2237 Decretalistas

953 2254 1083 2288 vocant,
1112 2252 1169 2288 qui
1195 2253 1387 2289 Theologiae
1413 2263 1452 2282 ac
1480 2253 1708 2290 Philosophiae

954 2297 1130 2326 cuiuslibet
1143 2297 1242 2326 inscii
1256 2299 1290 2326 et
1304 2300 1462 2334 expertes,
1474 2298 1542 2327 suis
1556 2299 1708 2328 Decreta-
1724 2303 1760 2332 55

953 2343 1040 2372 libus
1056 2345 1149 2379 (quas
1162 2343 1309 2379 profecto
1322 2345 1529 2372 venerandas
1546 2344 1710 2380 existimo)

954 2390 1025 2417 tota
1048 2388 1236 2416 intentione
1260 2387 1379 2424 innixi,
1402 2389 1442 2417 de
1462 2389 1598 2418 illarum
1617 2398 1710 2425 prae-

954 2433 1102 2462 valentis.
1128 2433 1225 2462 credo
1251 2435 1430 2470 sperantes,
1452 2435 1595 2470 Imperio
1618 2436 1708 2463 dero-

954 2481 1044 2516 gant.
1086 2478 1118 2507 N
1119 2487 1155 2508 ec
1169 2479 1301 2515 mirum,
1318 2488 1420 2515 quum
1442 2479 1510 2509 iam
1525 2480 1708 2509 audiverim

955 2525 1130 2560 quemdam
1145 2525 1185 2553 de
1202 2524 1270 2553 illis
1283 2524 1458 2562 dicentem,
1474 2528 1508 2554 et
1526 2525 1710 2561 procaciter
1723 2526 1766 2556 60
