1780 2820
422 155 493 192 DE
522 150 890 192 MONARCHIA:
928 150 978 188 11.
1006 150 1102 188 Cap.
1129 162 1162 197 7,
1179 150 1213 185 8.

1534 155 1604 192 357

43 217 1604 236 ffl

0 280 26 308 15
43 280 95 300 res
109 279 186 300 cum
199 271 351 305 respectu
365 276 501 297 suarum
511 266 726 301 sacultatum3
741 264 798 300 qui

43 318 211 352 respectus
222 317 272 344 est
285 314 544 342 fundamentum
554 311 637 340 iuris
650 310 686 339 in
700 310 798 338 rebus

44 370 65 390 a
78 363 202 390 natura
215 359 373 396 positum.
406 358 457 387 Ex
471 366 536 394 quo
549 355 698 393 sequitur
711 355 799 390 quod

45 409 125 436 ordo
133 406 298 436 naturalis
308 406 345 434 in
354 405 452 434 rebus
462 405 582 439 absqw
592 403 663 431 iure
675 401 800 430 servari

46 462 115 482 non
144 452 256 490 possit,
285 459 389 487 quum
421 447 688 485 inseparabiliter
718 446 800 475 iuris

0 508 32 527 20
47 500 307 528 fundamentum
360 495 471 525 ordini
524 494 568 523 sit
621 501 798 522 annexum.
823 510 830 542 ἶ

47 546 185 574 Necesse
227 545 276 573 est
316 542 420 579 igitur
463 540 613 569 ordinem
650 539 690 567 do
730 538 801 566 iure

46 590 180 621 servari.

87 637 258 666 Romanus
301 632 442 670 populus

47 682 220 711 ordinatus
253 679 319 708 fuit
357 687 378 708 a
411 679 542 713 natura,
582 678 616 704 et
654 675 716 703 hoc
755 674 801 703 sic

0 732 31 760 25
47 727 253 756 declaratur:
285 724 378 752 Sicut
402 722 460 751 ille
484 722 638 750 deficeret
659 721 700 749 ab
721 719 803 748 artis

47 771 261 810 perfectione,
277 769 334 806 qui
353 768 490 797 finalem
507 767 652 795 formam
667 768 803 795 tantum

48 817 250 852 intenderet,
270 814 381 843 media
398 822 475 842 vero
495 821 554 849 per
573 821 657 848 quae
677 811 720 840 ad
740 810 804 838 for-

49 872 139 893 mam
147 862 361 899 pertingeret,
372 868 439 888 non
449 860 596 894 curaret;
611 858 657 886 sic
670 859 801 892 natura,

50 909 79 939 si
111 908 216 938 solam
248 907 391 935 formam
423 903 645 933 universalem
671 902 804 931 divinae

0 962 36 990 30
50 952 283 984 similitudinis
323 951 359 980 in
405 950 559 979 universo
603 949 804 984 intenderet,

51 1000 163 1030 media
181 1001 294 1028 autem
311 996 501 1034 negligeret.
545 995 608 1024 Sed
629 996 752 1023 natura
770 994 806 1022 in

53 1045 149 1074 nulla
171 1043 372 1081 perfectione
395 1040 516 1077 deficit,
539 1049 643 1076 quum
663 1039 708 1068 sit
728 1047 808 1075 opus

53 1090 188 1119 divinae
201 1087 444 1124 intelligentiae
456 1097 463 1123 3
485 1095 562 1122 ergo
575 1085 686 1115 media
697 1084 810 1113 omnia

54 1135 212 1171 intendit,
250 1142 310 1170 per
344 1141 428 1168 quae
461 1131 505 1160 ad
538 1130 698 1159 ultimum
731 1138 810 1158 suae

4 1191 39 1221 35
53 1180 255 1211 intentionis
269 1178 452 1208 devenitur.

96 1228 205 1262 Quum
218 1234 295 1262 ergo
308 1224 387 1253 finis
400 1223 542 1252 humani
560 1222 690 1259 generis
709 1222 762 1258 sit,
778 1223 811 1250 et

485 631 527 659 ad
569 630 800 666 imperandum

55 1273 100 1302 sit
114 1271 249 1308 aliquod
262 1270 410 1299 medium
420 1268 642 1298 necessarium
653 1269 695 1297 ad
710 1268 811 1297 finem

56 1319 196 1347 naturae
202 1316 424 1346 universalem
433 1325 439 1351 ;
457 1323 589 1343 necesse
595 1316 644 1343 est
654 1316 812 1342 naturam

56 1363 166 1400 ipsum
198 1362 382 1391 intendere.
439 1360 577 1396 Propter
609 1360 697 1395 quod
730 1359 813 1387 bene

1 1419 42 1448 4ο
58 1408 285 1445 Philosophus,
301 1410 460 1436 naturam
473 1414 601 1441 semper
610 1414 707 1441 agere
720 1413 814 1440 prop-

57 1457 111 1484 ter
123 1454 234 1490 finem,
249 1453 286 1482 in
299 1452 444 1482 secundo
462 1452 503 1480 de
523 1450 678 1480 Naturali
695 1450 814 1479 auditu

0 1535 1 1538 Ἰ
58 1500 184 1537 probat.
227 1499 272 1528 Et
293 1498 372 1535 quia
392 1498 436 1526 ad
457 1497 548 1525 hunc
570 1496 673 1525 finem
693 1497 815 1524 natura

58 1545 246 1582 pertingere
256 1552 324 1572 non
334 1544 443 1579 potest
451 1551 510 1578 per
515 1550 622 1570 unum
633 1540 814 1576 hominem,

59 1600 164 1628 quum
176 1589 302 1619 multae
316 1589 385 1618 sint
395 1587 603 1625 operationes
614 1586 816 1616 necessariae

26 1647 44 1677 5
59 1637 103 1666 ad
123 1636 242 1674 ipsum,
262 1643 347 1672 quae
366 1633 621 1671 multitudinem
640 1632 818 1668 requirunt

61 1682 98 1712 in
131 1681 363 1719 operantibus-13
403 1688 535 1709 necesse
572 1680 624 1707 est
659 1679 818 1707 naturam

60 1729 242 1765 producere
274 1725 451 1755 hominum
483 1723 738 1753 multitudinem
775 1723 818 1752 ad

63 1774 209 1803 diversas
217 1771 425 1808 operationes
432 1770 672 1806 ordinatorum,
679 1769 722 1797 ad
732 1769 818 1804 quod

63 1819 211 1848 multum
237 1817 427 1853 conferunt,
452 1818 587 1852 praeter
617 1814 821 1851 superiorem

14 1875 52 1903 ⁵⁰
65 1863 286 1899 influentiam,
301 1862 451 1890 locorum
468 1860 666 1889 inferiorum
678 1859 822 1889 virtutes

65 1911 100 1939 et
122 1908 349 1946 proprietates.
391 1906 531 1942 Propter
553 1905 640 1942 quod
660 1905 820 1941 videmus,

66 1955 155 1992 quod
197 1953 335 1990 quidam
378 1961 448 1981 non
491 1951 599 1980 solum
637 1950 823 1987 singulares

66 2000 227 2036 homines,
256 1998 338 2035 quin
365 1997 467 2027 etiam
498 1995 620 2033 populi,
647 1996 721 2032 apti
748 1995 823 2024 nati

68 2046 150 2075 sunt
170 2045 214 2074 ad
232 2043 423 2080 principari,
439 2042 576 2078 quidam
589 2040 648 2070 alii
661 2042 702 2070 ad
718 2041 825 2070 subici

35 2097 53 2126 5
69 2093 168 2128 atque
179 2091 387 2119 ministrare:
400 2091 440 2118 ut
451 2087 668 2124 Philosophus
678 2087 826 2116 adstruit

69 2138 107 2167 in
121 2137 162 2167 iis
175 2146 258 2174 quae
273 2137 313 2165 de
328 2135 489 2171 Politicis;
511 2136 544 2163 et
557 2133 689 2170 talibus,
702 2136 742 2162 ut
755 2133 824 2170 ipso

71 2181 163 2219 dicit,
185 2190 253 2210 non
273 2180 380 2209 solum
401 2179 471 2215 regi
490 2180 540 2207 est
560 2178 745 2214 expediens,
767 2179 825 2207 sed

71 2227 175 2257 etiam
188 2226 325 2262 iustum,
340 2224 472 2254 etiamsi
486 2224 529 2252 ad
541 2223 604 2252 hoc
617 2225 787 2260 cogantur.

117 2272 208 2306 Quae
227 2271 257 2300 si
270 2270 320 2299 ita
338 2279 372 2299 se
386 2269 522 2305 habent,
537 2277 605 2296 non
623 2268 762 2297 dubium
776 2270 827 2298 est

76 2317 159 2354 quin
172 2318 296 2346 natura
308 2316 419 2344 locum
433 2317 467 2344 et
479 2315 614 2352 gentem
627 2314 827 2350 disposuerit

73 2363 110 2392 in
121 2362 248 2391 mundo
257 2362 300 2390 ad
309 2359 543 2390 universaliter
552 2358 809 2395 principandum
819 2370 826 2395 ;

76 2407 177 2436 aliter
189 2406 252 2435 sibi
266 2405 448 2441 defecisset,
456 2405 545 2442 quod
556 2406 606 2434 est
615 2404 824 2440 impossibile.

77 2451 159 2487 Quis
182 2453 295 2480 autem
316 2450 419 2479 suerit
442 2449 545 2486 locus,
565 2450 599 2478 et
622 2458 707 2485 quae
735 2458 826 2486 gens,

25 2508 28 2536 ι
74 2506 135 2534 per
148 2497 240 2526 dieta
253 2495 402 2532 superius
415 2496 450 2524 et
463 2504 521 2531 per
534 2494 676 2523 dicenda
688 2494 828 2524 inferius

31 2543 60 2578 35
79 2542 162 2573 satis
176 2544 227 2571 est
245 2541 461 2570 manifestum
482 2541 569 2576 quod
590 2540 692 2570 suerit
713 2541 826 2576 Roma,

851 265 885 292 et
903 261 992 290 cives
1013 261 1093 297 eius,
1110 260 1179 289 sive
1199 258 1348 296 populus.
1391 257 1484 291 Quod
1506 255 1608 284 etiam

851 309 952 336 Poeta
986 308 1100 335 noster
1126 305 1222 335 valde
1257 303 1425 334 subtiliter
1451 302 1488 330 in
1517 303 1609 330 sexto

851 353 973 390 tetigit,
1009 352 1226 380 introducens
1259 348 1428 378 Anchisen
1463 355 1610 382 praemo-

852 400 991 428 nentem
1025 398 1182 433 Aeneam,
1211 397 1435 424 Romanorum
1468 394 1607 428 patrem,

852 445 899 473 sic
912 455 919 473 :
1627 445 1663 472 70

875 512 1072 541 ‘Excudent
1093 510 1151 540 alii
1171 507 1336 545 spirantia
1355 506 1490 535 mollius
1509 515 1595 542 aera,

895 559 998 588 Credo
1019 557 1191 594 equidem3
1213 556 1306 585 vivos
1326 555 1450 583 ducent
1465 554 1505 581 de
1523 561 1610 581 mar-

972 613 1063 632 more
1083 603 1207 639 vultus,

894 650 1045 679 Orabunt
1055 657 1171 678 causas
1182 647 1311 683 melius,
1325 645 1472 681 coelique
1482 645 1612 673 meatus

895 695 1092 724 Describent
1118 693 1222 730 radio,
1245 694 1278 721 et
1308 690 1481 727 surgentia
1504 690 1614 718 sidera

975 740 1106 769 dicent:

896 788 945 816 Tu
968 795 1081 822 regere
1110 784 1250 821 imperio
1278 783 1425 820 populos,
1454 783 1612 818 Romane,
1633 785 1665 814 73

977 833 1166 867 memento3

898 879 969 907 Hae
984 877 1048 907 tibi
1061 879 1161 906 erunt
1176 878 1277 912 arteS,
1293 875 1432 911 pacique
1446 874 1615 910 imponere

977 932 1113 960 morem,

899 970 1036 999 Parcere
1052 968 1207 998 subiectis
1221 969 1254 996 et
1266 966 1431 996 debellare
1442 966 1616 1002 superbos’

860 1042 1119 1079 Dispositionem
1135 1051 1212 1070 vero
1230 1041 1295 1070 loci
1316 1040 1486 1069 subtiliter
1506 1039 1619 1076 tangit

862 1089 897 1118 in
926 1090 1054 1124 quarto,
1083 1096 1187 1123 quum
1214 1086 1400 1115 introducit
1427 1086 1541 1114 Iovem
1575 1085 1618 1114 ad

863 1134 1068 1164 Mercurium
1102 1134 1143 1162 do
1177 1133 1290 1161 Aenea
1329 1131 1521 1167 loquentem
1554 1130 1618 1160 isto
1633 1128 1672 1156 80

863 1180 978 1208 modo:

886 1249 978 1277 ‘Non
994 1247 1091 1276 illum
1112 1246 1208 1274 nobis
1227 1245 1374 1282 genitrix
1395 1244 1622 1281 pulcherrima

983 1293 1089 1322 talem

905 1339 1071 1374 Promisit,
1088 1337 1291 1374 Graiumque
1313 1338 1386 1366 ideo
1407 1337 1458 1366 bis
1471 1337 1624 1366 vindicat

985 1384 1108 1413 armis:

907 1431 971 1460 Sed
979 1430 1047 1459 fore
1054 1429 1112 1466 qui
1122 1429 1295 1465 gravidam
1306 1428 1464 1466 imperiis,
1473 1429 1626 1464 belloque

985 1476 1185 1504 frementem

907 1521 1044 1550 Italiam
1064 1521 1211 1557 regeret.’
1641 1519 1677 1556 85

868 1590 1049 1626 Propterea
1069 1589 1152 1618 satis
1171 1597 1367 1624 persuasum
1388 1590 1438 1618 est
1460 1588 1547 1624 quod
1565 1588 1627 1616 Ro·

868 1644 989 1665 manus
1009 1635 1151 1671 populus
1170 1643 1191 1662 a
1214 1635 1340 1662 natura
1363 1633 1537 1662 ordinatus
1560 1633 1627 1662 suit

870 1683 913 1711 ad
924 1682 1167 1717 imperandum.
1208 1680 1297 1716 Ergo
1308 1681 1477 1709 Romanus
1486 1679 1628 1716 populus

871 1727 1071 1757 subiciendo
1085 1725 1150 1755 sibi
1165 1725 1288 1762 orbem,
1309 1725 1350 1753 do
1370 1725 1443 1753 iure
1464 1725 1507 1753 ad
1526 1724 1628 1761 impe-

871 1773 961 1802 rium
974 1772 1076 1802 venit.

911 1817 1025 1848 V111.
1059 1817 1113 1846 Ad
1149 1817 1233 1845 bene
1269 1825 1397 1853 quoque
1438 1817 1630 1846 venandum

872 1862 1051 1892 veritatem
1084 1861 1236 1898 quaesiti,
1264 1860 1349 1890 scire
1377 1862 1508 1897 oportet
1542 1861 1630 1898 quod

874 1909 1030 1938 divinum
1051 1907 1215 1938 iudicium
1242 1906 1279 1935 in
1306 1908 1404 1936 rebus
1432 1907 1630 1944 quandoque

873 1954 1066 1983 hominibus
1099 1954 1150 1983 est
1176 1952 1403 1989 manifestum,
1433 1953 1630 1989 quandoque

875 2000 1051 2030 occultum.
1646 2007 1662 2035 5

916 2046 960 2075 Et
980 2043 1198 2074 manifestum
1220 2045 1329 2080 potest
1351 2051 1419 2072 esse
1443 2043 1630 2079 dupliciter,

875 2091 1006 2120 ratione
1019 2090 1147 2119 scilicet
1161 2092 1194 2118 et
1209 2089 1284 2119 fide.

917 2137 1005 2166 Nam
1015 2137 1180 2173 quaedam
1190 2135 1316 2164 iudicia
1324 2134 1385 2164 Dei
1395 2136 1476 2164 sunt
1490 2135 1533 2163 ad
1549 2143 1633 2170 quae

878 2181 1030 2211 humana
1043 2181 1129 2211 ratio
1142 2180 1284 2217 propriis
1295 2180 1433 2216 pedibus
1444 2180 1633 2217 pertingere

878 2228 994 2263 potest,
1022 2226 1110 2256 sicut
1135 2227 1179 2255 ad
1205 2226 1288 2255 hoc:
1318 2225 1412 2259 Quod
1444 2225 1543 2254 horno
1574 2235 1634 2262 pro
1654 2235 1690 2254 ιο

878 2272 986 2301 salute
999 2271 1127 2308 patriae
1144 2271 1289 2307 seipsum
1306 2272 1457 2307 exponat.
1500 2270 1587 2299 Nam
1606 2271 1635 2300 si

880 2325 957 2352 pars
977 2317 1074 2346 debet
1092 2325 1126 2345 se
1141 2325 1302 2352 exponere
1320 2325 1381 2352 pro
1400 2316 1506 2344 salute
1521 2316 1633 2352 totius,

880 2370 984 2397 quum
1005 2361 1104 2389 homo
1125 2360 1169 2389 sit
1191 2368 1269 2396 pars
1290 2360 1454 2396 quaedam
1478 2360 1633 2395 civitatis,

880 2408 919 2434 ut
928 2415 987 2442 per
996 2405 1234 2441 Philosophum
1245 2406 1337 2442 patet
1348 2405 1384 2433 in
1394 2405 1462 2434 suis
1475 2404 1635 2441 Politicis;

881 2450 980 2479 homo
993 2459 1054 2486 pro
1066 2450 1175 2487 patria
1190 2451 1287 2482 debet
1300 2459 1462 2486 exponere
1480 2450 1635 2487 seipsum,
1657 2459 1691 2486 ¹5

882 2500 1057 2531 tamquam
1091 2495 1204 2524 minus
1237 2495 1363 2524 bonum
1403 2504 1463 2532 pro
1497 2495 1636 2526 meliori.

882 2541 978 2569 Unde
986 2540 1204 2577 Philosophus
1211 2541 1253 2570 ad
1261 2540 1502 2570 Nicomachum
1513 2551 1519 2570 :
1532 2541 1639 2570 ‘Ama-

1646 1777 1687 1805 90
