1780 2820
462 125 535 164 DE
563 121 930 179 MONARCHIA:
969 121 1040 158 III.
1067 121 1163 158 Cap,
1189 123 1224 166 8,
1241 133 1276 169 9.

1575 123 1648 168 369

34 255 72 282 30
86 242 246 272 animalis
259 238 560 278 comprehenditur.
601 236 637 266 Si
653 244 729 265 vero
749 234 839 264 dicoz

87 288 95 303 ⁶
107 287 224 316 Omnis
242 286 341 315 homo
357 283 463 313 currit
475 284 497 319 ;’
517 284 599 311 tunc
617 280 752 316 signum
765 278 839 307 uni-

85 332 212 362 versale
225 340 295 360 non
309 328 488 365 distribuit,
502 326 570 356 nisi
583 334 642 363 pro
661 323 838 360 suppositis

86 377 187 406 huius
213 375 361 412 termini,
396 376 491 404 homo.
547 372 592 400 Et
618 379 722 407 quum
748 369 836 398 dico:

87 425 94 439 ⁸
107 422 226 452 Omnis
239 419 479 459 grammaticus
493 419 516 456 ς’
546 420 630 447 tunc
645 415 838 445 distributio

35 480 67 507 35
84 469 191 506 magis
203 469 401 498 coarctatur.

126 515 264 551 Propter
291 513 380 550 quod
406 519 534 547 semper
560 509 744 538 videndum
779 510 836 544 est,

84 560 164 597 quid
188 562 238 590 est
260 559 348 596 quod
370 557 504 594 signum
523 554 712 584 universale
735 553 838 582 habet

84 606 303 635 distribuere:
337 612 401 640 quo
426 602 507 638 viso,
535 600 632 630 facile
665 599 837 636 apparebit

83 653 249 688 quantum
271 658 333 679 sua
354 646 544 678 distributio
571 645 740 682 dilatetur,
766 654 838 681 cog-

27 705 68 733 4ο
82 697 158 726 nita
170 698 295 726 natura
308 697 342 724 et
355 693 484 723 ambitu
497 691 637 722 termini
655 691 835 721 distributi.

84 742 180 772 Unde
200 750 304 778 quum
325 739 457 775 dicitur,
481 738 737 773 ‘Quodcumque
756 736 838 773 liga-

82 787 200 825 veris’;
227 786 256 815 si
275 786 339 815 hoc
362 783 628 821 ‘quodcumque'
650 784 838 811 sumeretur

82 832 239 869 absolute,
267 840 384 861 verum
417 831 502 859 esset
530 829 617 864 quod
644 827 773 863 dicunt,
803 829 837 856 et

82 887 150 908 non
164 878 272 908 solum
291 876 354 906 hoc
376 876 485 905 facere
503 875 622 912 posset,
637 873 720 909 quin
734 872 837 902 etiam

27 932 65 960 45
81 924 206 954 solvere
232 931 369 952 uxorem
393 931 414 951 a
435 921 517 957 viro,
543 922 577 948 et
603 919 708 956 ligare
730 918 837 955 ipsam

82 968 189 1006 alteri,
214 968 347 999 vivente
370 966 487 1003 primo,
510 965 598 1002 quod
622 964 718 993 nulio
740 964 838 993 modo

81 1016 198 1052 potest.
254 1013 368 1042 Posset
393 1012 496 1041 etiam
530 1010 654 1040 solvere
688 1018 742 1039 me
768 1018 838 1038 non

82 1060 318 1097 poenitentem,
331 1059 419 1096 quod
429 1057 533 1088 etiam
546 1057 654 1086 facere
667 1056 737 1093 ipse
749 1056 838 1086 Deus

82 1115 151 1135 non
164 1107 281 1142 posset.

29 1163 68 1192 ⁵⁰
124 1151 234 1185 Quum
247 1159 323 1187 ergo
336 1150 386 1179 ita
394 1149 448 1186 sit,
461 1148 679 1178 manifestum
689 1149 740 1177 est
751 1148 838 1184 quod

83 1206 151 1226 non
165 1196 312 1226 absolute
326 1195 490 1225 sumenda
503 1196 552 1224 est
565 1193 626 1223 illa
636 1193 836 1230 distributio,

82 1243 141 1272 sed
162 1242 342 1279 respective
366 1242 411 1271 ad
433 1240 570 1277 aliquid.
614 1239 701 1274 Quid
724 1241 839 1269 autem

82 1287 143 1317 illa
166 1287 331 1324 respiciat,
354 1286 436 1315 satis
456 1288 507 1315 est
526 1284 670 1322 evidens,
691 1284 838 1315 conside-

81 1336 157 1363 rato
170 1333 229 1363 ino
242 1333 330 1370 quod
343 1332 406 1362 sibi
426 1330 629 1367 conceditur,
647 1330 736 1360 circa
749 1331 837 1367 quod

30 1388 65 1417 55
81 1379 143 1408 illa
161 1377 352 1408 distributio
373 1375 595 1413 subiungitur.
637 1375 728 1405 Dicit
747 1376 838 1405 enim

82 1424 235 1454 Christus
258 1423 372 1453 Petro:
400 1421 475 1451 Tibi
501 1421 586 1450 dabo
609 1421 719 1450 claves
741 1421 838 1458 regni

81 1470 269 1506 coelorum3
289 1469 353 1498 hoc
370 1470 437 1498 est:
458 1467 594 1496 Faciam
613 1469 647 1496 te
664 1467 837 1496 ostiarium

82 1515 178 1552 regni
210 1515 385 1545 coelorum.
441 1513 570 1542 Deinde
607 1512 739 1542 subdit:
774 1513 838 1542 ‘Et

81 1561 330 1598 quodcumque,'
345 1560 432 1596 quod
453 1560 503 1588 est
519 1559 637 1587 ‘omne
657 1558 759 1594 quod’
775 1568 782 1588 ε
800 1558 837 1587 id

27 1609 67 1638 60
81 1609 140 1644 est,
155 1615 254 1637 omne
267 1606 355 1643 quod
373 1606 417 1635 ad
437 1605 528 1634 istud
549 1604 694 1634 officium
713 1606 837 1640 specta-

23 1671 28 1678 ·
81 1652 139 1689 bit,
168 1653 293 1682 solvere
326 1651 452 1688 poteris
486 1652 520 1680 et
552 1650 665 1687 ligare.
719 1650 763 1679 Et
789 1650 837 1680 sic

82 1696 216 1734 signum
243 1695 433 1725 universale
467 1695 555 1731 quod
583 1693 773 1723 includitur
798 1694 836 1723 in

84 1742 361 1778 ‘Quodcumque,’
383 1739 595 1770 contrahitur
621 1739 659 1769 in
685 1747 747 1769 sua
772 1739 837 1768 dis-

82 1786 267 1816 tributione
290 1787 333 1815 ab
353 1785 459 1814 officio
482 1785 628 1815 clavium
650 1785 748 1822 regni
769 1794 837 1814 coe-

32 1833 70 1868 ⁶⁵
83 1832 201 1863 lorum.
243 1831 288 1860 Et
310 1830 358 1860 sic
376 1831 592 1866 adsumendo,
614 1839 692 1860 vera
711 1832 760 1860 est
779 1830 840 1859 illa

83 1877 277 1914 propositi03
308 1876 456 1906 absolute
476 1885 554 1905 vero
573 1884 651 1912 non,
673 1877 713 1905 ut
734 1877 836 1912 patet.

83 1923 128 1952 Et
152 1922 225 1951 ideo
247 1921 321 1951 dico
342 1922 430 1958 quod
455 1921 518 1950 etsi
542 1929 709 1950 successor
735 1921 837 1958 Petri,

83 1968 268 1998 secundum
305 1966 507 2003 exigentiam
539 1966 639 1995 officii
671 1967 839 1996 commissi

84 2013 190 2050 Petro,
201 2012 303 2050 possit
313 2012 439 2042 solvere
453 2014 487 2042 et
500 2011 602 2048 ligare
616 2022 623 2048 ;
643 2021 712 2041 non
723 2014 837 2047 tamen

34 2070 70 2098 7⁰
85 2062 220 2096 propter
240 2058 303 2088 hoo
317 2058 469 2094 sequitur
488 2058 575 2094 quod
593 2058 697 2094 possit
713 2058 838 2087 solvere

85 2113 144 2134 seu
162 2104 268 2141 ligure
285 2105 419 2134 decreta.
438 2103 583 2140 Imperii,
599 2103 668 2132 sive
686 2104 783 2140 leges,
799 2105 838 2132 ut

85 2149 150 2187 ipsi
176 2150 342 2186 dicebant,
371 2148 436 2178 nisi
470 2149 612 2178 ulterius
643 2149 839 2185 probaretur

84 2195 148 2225 hoc
163 2198 312 2232 spectare
329 2196 372 2225 ad
390 2194 534 2224 officium
553 2194 698 2224 clavium
715 2205 722 2232 3
742 2195 838 2224 cuius

85 2242 292 2271 contrarium
305 2240 446 2270 inferius
459 2241 661 2271 ostendetur.

123 2286 194 2318 IX.
216 2286 395 2323 Accipiunt
409 2285 511 2317 etiam
524 2285 609 2315 illud
623 2286 740 2323 Lucae,
753 2287 839 2322 quod

87 2333 206 2362 Petrus
219 2332 302 2361 dicit
317 2331 457 2368 Christo,
473 2340 549 2360 cum
562 2331 627 2361 ait:
653 2332 756 2361 ‘Ecce
774 2333 839 2360 duo

87 2377 192 2414 gladii
218 2377 311 2413 hic;’
345 2378 380 2406 et
407 2376 534 2413 dicunt,
563 2377 650 2413 quod
677 2386 737 2413 per
763 2377 839 2406 illos

87 2423 169 2452 duos
186 2422 312 2459 gladios
332 2423 398 2451 duo
415 2422 586 2458 praedicta
605 2422 770 2459 regimina
790 2422 840 2451 in-

1 2490 4 2493 v
54 2480 71 2508 5
89 2468 310 2506 telliguntur;
334 2477 418 2504 quae
436 2468 593 2504 quoniam
612 2469 731 2499 Petrus
747 2469 841 2498 -dixit

88 2523 157 2544 esse
178 2513 233 2550 ibi,
250 2513 307 2542 ubi
328 2515 411 2550 erat,
433 2513 495 2542 hoc
517 2517 567 2543 est
587 2515 675 2550 apud
696 2523 739 2550 se,
762 2514 841 2543 inde

895 236 1043 271 arguunt
1076 234 1136 263 iila
1162 235 1228 262 duo
1262 233 1435 271 regimina,
1463 234 1648 264 secundum

891 279 1136 317 auctoritatem,
1173 279 1262 315 apud
1298 287 1521 308 successorem
1557 279 1647 309 Petri

889 325 1078 356 consistere.
1692 352 1695 357 ,

930 371 975 400 Et
1001 372 1044 400 ad
1070 371 1134 399 hoc
1165 370 1352 408 dicendum,
1378 380 1438 407 per
1467 371 1645 407 interemp-
1666 381 1698 399 ιο

893 417 1020 446 tionem
1056 425 1172 446 sensus
1198 416 1235 445 in
1266 426 1330 453 quo
1357 417 1520 446 fundatur
1550 426 1646 453 argu-

890 464 1054 493 mentum.
1085 462 1215 493 Dicunt
1228 463 1319 492 enim
1333 463 1409 492 illos
1423 463 1505 492 duos
1519 463 1646 499 gladios

890 516 971 545 quos
998 507 1227 544 adsignaverit
1254 508 1373 538 Petrus
1402 509 1468 537 duo
1494 508 1647 545 praefata

890 554 1056 590 regimina.
1081 553 1282 590 importare:
1316 554 1404 590 quod
1427 554 1565 582 omnino
1592 563 1646 584 ne-

889 601 1039 637 gandum
1053 601 1112 636 est,
1128 601 1204 628 tum
1218 599 1297 636 quia
1309 599 1370 628 illa
1385 599 1555 635 responsio
1575 609 1643 628 non
1667 604 1698 631 ¹5

889 645 1007 675 fuisset
1020 646 1063 674 ad
1083 644 1309 674 intentionem
1324 644 1457 681 Christi,
1473 647 1547 673 tum
1567 645 1646 681 quia

889 691 1015 728 Petrus,
1038 691 1079 720 de
1102 699 1203 727 more,
1226 690 1336 720 subito
1360 691 1580 727 respondebat
1601 691 1643 719 ad

889 745 1002 765 rerum
1015 735 1224 772 superficiem
1238 737 1383 768 tantum.

929 782 1023 816 Quod
1045 783 1160 811 autem
1181 782 1349 818 responsio
1372 791 1440 812 nou
1464 781 1580 811 fuisset
1601 783 1644 811 ad

888 827 1113 857 intentionem
1139 827 1274 864 Christi,
1302 836 1371 856 non
1399 827 1463 857 erit
1490 827 1645 856 immani-
1661 835 1698 854 20

888 873 1020 910 festum,
1049 873 1079 902 si
1111 873 1365 903 considerentur
1391 873 1491 902 verba.
1515 881 1644 909 praece·

889 917 1006 947 dentis.
1018 920 1053 947 et
1066 927 1167 948 causa
1179 919 1363 951 verborum.
1406 918 1544 954 Propter
1557 919 1644 955 quod

889 963 1062 993 sciendum
1088 964 1175 1000 quod
1202 964 1266 993 hoc
1288 964 1417 993 dictum
1439 963 1506 992 fuit
1529 963 1566 992 in
1591 963 1645 993 die

890 1018 1012 1039 coenae
1025 1019 1032 1046 ς
1053 1010 1142 1038 unde
1156 1009 1263 1039 Lucas
1275 1009 1395 1046 incipit
1409 1009 1559 1046 superius
1577 1008 1625 1038 sic
1638 1019 1644 1038 :

892 1054 1012 1084 ‘Venit
1038 1058 1153 1084 autem
1180 1055 1251 1085 dies
1277 1064 1479 1092 azymorum,
1508 1054 1545 1084 in
1581 1063 1646 1092 quo
1663 1059 1697 1087 ²5

890 1110 1021 1131 necesse
1030 1103 1103 1131 erat
1111 1101 1217 1131 occidi
1225 1101 1352 1131 Pascha
1361 1103 1382 1138 3’
1391 1101 1428 1130 in
1437 1110 1503 1137 qua
1511 1101 1646 1138 quidem

890 1155 994 1176 coena
1022 1147 1260 1183 praeloquutus
1290 1147 1401 1176 fuerat
1427 1146 1579 1176 Christus
1605 1147 1645 1177 de

889 1192 1069 1229 ingruente
1104 1192 1265 1230 passione,
1301 1192 1339 1221 in
1373 1201 1440 1228 qua.
1473 1192 1645 1229 oportebat

888 1238 1000 1275 ipsum
1025 1239 1174 1275 separari
1195 1248 1216 1268 a
1243 1238 1413 1275 discipulis
1439 1237 1516 1268 suis.
1557 1237 1645 1267 Item

889 1285 1063 1315 sciendum
1082 1286 1169 1322 quod
1187 1285 1246 1315 ubi
1264 1285 1331 1315 ista
1342 1285 1444 1315 verba
1459 1284 1646 1314 intervene-
1660 1289 1699 1315 30

890 1333 982 1368 runt,
1006 1334 1103 1361 erant
1133 1331 1236 1361 simul
1262 1339 1378 1360 omnes
1401 1330 1575 1359 duodecim
1597 1329 1646 1359 di-

889 1377 1009 1414 scipuli
1018 1387 1024 1414 ;
1038 1378 1128 1407 unde
1138 1386 1257 1414 parum
1271 1378 1346 1413 post
1357 1377 1457 1406 verba
1466 1375 1647 1412 praemissa

890 1423 973 1452 dicit
987 1423 1112 1453 Lucas:
1134 1423 1197 1452 ‘Et
1210 1431 1315 1459 quum
1335 1422 1427 1451 facta
1447 1423 1532 1451 esset
1552 1421 1644 1459 hors,

889 1469 1068 1506 discubuit,
1085 1471 1118 1499 et
1139 1468 1315 1499 duodecim
1328 1467 1477 1504 Apostoli
1491 1475 1568 1496 cum
1589 1468 1645 1498 eo!

890 1514 934 1543 Et
947 1523 987 1544 ex
1001 1514 1082 1544 hinc
1102 1514 1301 1544 continuato
1319 1512 1482 1549 colloquio
1495 1512 1588 1542 venit
1602 1513 1645 1542 ad
1662 1519 1695 1547 35

888 1559 971 1589 haec
987 1571 993 1589 :
1015 1561 1022 1575 ‘
1034 1561 1174 1594 Quando
1194 1559 1272 1588 misi
1291 1567 1348 1589 vos
1368 1558 1440 1587 sine
1460 1558 1591 1588 sacculo
1612 1560 1646 1588 et

888 1614 969 1642 pera
995 1608 1030 1635 et
1056 1604 1302 1642 calceamentis,
1326 1603 1492 1640 numquid
1517 1603 1646 1640 aliquid

889 1651 997 1680 defuit
1023 1651 1136 1680 vobis?
1176 1651 1222 1680 At
1248 1650 1300 1679 illi
1327 1650 1504 1679 dixerunt:
1538 1649 1642 1680 Nihil.

889 1697 985 1726 Dixit
1011 1706 1088 1733 ergo
1122 1696 1190 1725 eis:
1231 1696 1295 1725 Sed
1322 1703 1423 1732 nunc,
1452 1695 1510 1732 qui
1543 1695 1645 1724 habet

889 1742 1070 1779 sacculum,
1091 1742 1200 1778 tollat,
1221 1741 1377 1770 similiter
1397 1743 1430 1770 et
1451 1750 1585 1778 peram3
1611 1743 1644 1771 et
1659 1749 1700 1777 40

889 1788 948 1824 qui
961 1797 1030 1817 non
1050 1788 1160 1825 habet,
1176 1788 1301 1816 vendat
1321 1787 1483 1823 tunicam,
1500 1789 1534 1816 et
1555 1789 1646 1816 emat

888 1833 1060 1870 gladium)
1099 1834 1141 1862 In
1168 1842 1233 1870 quo
1255 1832 1338 1862 satis
1365 1834 1479 1868 aperte
1501 1831 1651 1861 intentio

890 1878 1017 1908 Christi
1039 1878 1294 1915 manifestatum
1328 1887 1397 1907 non
1421 1878 1512 1907 enim
1539 1877 1647 1908 dixit:

890 1924 1028 1962 Ematis,
1052 1924 1106 1954 vel
1130 1924 1282 1954 habeatis
1309 1925 1391 1954 duos
1416 1924 1552 1962 gladios,
1577 1924 1646 1954 imo

890 1970 1075 2006 duodecim,
1091 1979 1196 2006 quum
1214 1971 1258 1999 ad
1274 1970 1449 2001 duodecim
1467 1969 1646 2006 discipulos
1661 1973 1699 2002 45

889 2013 1036 2044 diceret:
1076 2014 1162 2048 ‘Qui
1202 2022 1270 2044 non
1311 2013 1423 2052 habet,
1462 2014 1572 2051 emat,¹
1606 2015 1646 2043 ut

889 2059 1031 2095 quilibet
1057 2059 1195 2088 haberet
1221 2068 1337 2089 unum.
1381 2060 1426 2088 Et
1453 2059 1516 2088 hoo
1543 2059 1646 2089 etiam

890 2105 1031 2142 dicebat,
1046 2114 1268 2142 praemonens
1281 2114 1334 2135 eos
1351 2114 1540 2142 pressuram
1554 2105 1646 2134 futu-

889 2160 971 2188 ram,
1000 2153 1035 2180 et
1061 2152 1253 2187 despectum
1285 2152 1439 2180 futurum
1469 2160 1548 2188 erga
1582 2159 1644 2188 eos,
1719 2186 1721 2188 ³

890 2196 984 2232 quasi
1004 2196 1148 2227 diceret:
1177 2196 1366 2233 ‘Quousque
1392 2196 1443 2226 fui
1466 2197 1644 2234 vobiscum,
1663 2205 1700 2232 50

890 2242 1015 2278 recepti
1042 2241 1152 2276 eratis,
1181 2251 1273 2271 nunc
1299 2242 1519 2279 fugaffimini:
1555 2243 1646 2272 unde

890 2288 1021 2323 oportet
1051 2296 1108 2316 vos
1135 2296 1332 2323 praeparare
1358 2288 1451 2317 vobis
1477 2288 1580 2318 etiam
1607 2297 1647 2318 en.

890 2342 975 2369 quae
988 2332 1057 2362 iam
1071 2333 1227 2368 prohibui
1240 2333 1341 2369 vobis,
1355 2335 1491 2370 propter
1509 2333 1648 2363 necessi·

890 2379 1017 2408 tatem.⁷
1058 2378 1175 2414 Itaque
1198 2377 1226 2407 si
1250 2378 1416 2414 responsio
1440 2378 1540 2415 Petri,
1561 2387 1645 2414 quae

891 2427 941 2453 est
964 2425 1008 2454 ad
1031 2424 1103 2460 hoc,
1126 2423 1245 2453 fuisset
1272 2425 1333 2453 sub
1359 2424 1549 2453 intentione
1575 2424 1644 2461 illa,
1661 2434 1696 2461 55
1731 2425 1737 2430 '

891 2470 959 2499 iam
971 2479 1039 2498 non
1053 2469 1171 2499 suisset
1184 2470 1227 2499 ad
1238 2478 1312 2498 eam
1323 2478 1406 2505 quae
1418 2471 1489 2499 erat
1501 2469 1626 2498 Christi
1638 2479 1645 2506 ς

893 2516 934 2543 de
951 2524 1016 2551 qno
1030 2514 1182 2544 Christus
1202 2514 1310 2551 ipsum
1331 2514 1543 2553 increpasset,
1558 2514 1646 2545 sicut

832 2560 903 2600 Bb
