1780 2820
150 162 222 209 366

150 274 277 303 scilicet
320 275 522 303 adsumendo
563 274 694 311 salsum,
734 277 793 304 aut
835 284 903 303 non

100 331 135 355 30
150 320 382 356 syllogizando.
444 320 534 353 Quae
578 321 644 348 duo
688 321 904 357 Philosophus

150 365 310 394 obiciebat
334 367 452 394 contra.
477 366 710 395 Parmenidem
738 369 771 395 et
797 367 905 396 Melis-

150 419 232 446 sum,
247 411 377 439 dicens:
400 411 407 425 ‘
420 411 483 444 Qui
497 411 581 440 falsa
595 412 772 448 recipiunt,
788 416 821 440 et
836 422 903 441 non

149 456 380 492 syllogizantes
400 457 498 486 sunt.'
540 457 583 485 Et
602 457 727 493 accipio
744 457 799 485 hic
813 457 905 493 largo

150 502 246 529 modo
260 502 389 537 falsum,
407 502 508 530 etiam
522 511 581 538 pro
595 502 800 538 inopinabili,
817 503 904 538 quod

99 554 132 581 35
149 546 185 575 in
200 544 341 575 materia
354 547 514 583 probabili
534 547 633 575 habet
647 549 804 575 naturam
818 547 903 577 falsi.

150 593 184 621 Si
205 602 280 621 vero
300 593 335 621 in
355 594 462 621 forma
476 593 519 621 sit
538 595 720 629 peccatum,
737 594 905 622 conclusio

149 637 374 666 interimenda
394 639 442 666 est
463 638 504 666 ab
526 637 584 666 illo
604 638 661 674 qui
682 638 806 667 solvere
819 639 902 674 vult,

149 684 352 712 ostendendo
386 683 528 711 formam
562 683 802 719 syllogisticam
835 693 903 712 non

149 737 216 757 esse
237 730 409 758 servatam.
453 729 487 757 Si
508 738 585 757 vero
605 731 778 764 peccatum
799 729 842 758 sit
868 729 903 757 in

94 785 133 811 40
149 773 299 809 materia,
319 776 378 802 aut
399 775 447 802 cst
469 773 547 809 quia
567 773 762 809 simpliciter
782 774 904 802 salsum

149 819 362 854 adsumptum
372 821 430 855 est,
439 821 497 847 aut
506 819 585 854 quia
592 820 714 847 falsum
721 820 902 847 secundum

149 863 238 900 quid.
268 864 303 892 Si
317 864 521 900 simpliciter,
538 874 596 901 per
609 865 903 900 interemptionem

149 910 317 945 adsumpti
344 910 537 939 solvendum
565 913 631 946 est;
664 910 692 938 si
719 911 902 939 secundum

150 955 239 991 quid,
255 964 314 990 per
329 955 586 984 distinctionem.

96 1008 132 1036 45
189 1001 259 1029 Hoc
274 1001 351 1036 viso,
367 1002 409 1029 ad
423 1001 593 1030 meliorem
605 1001 704 1030 huius
714 1004 748 1030 et
758 1001 902 1030 aliarum

149 1045 290 1075 inferius
297 1047 462 1074 factarum
473 1047 677 1075 solutionum
687 1047 900 1083 evidentiam,

149 1091 391 1119 advertendum
413 1092 500 1127 quod
521 1091 610 1119 circa
633 1100 767 1120 sensum
788 1091 902 1127 mysti-

149 1145 226 1164 cum
261 1135 439 1172 dupliciter
469 1145 579 1165 errare
613 1136 801 1172 contingit:
842 1138 901 1165 aut

149 1182 337 1217 quaerendo
357 1181 467 1217 ipsum
487 1182 545 1210 ubi
566 1191 635 1210 non
658 1184 716 1218 est,
739 1184 798 1210 aut
819 1182 902 1210 acci-

95 1235 132 1260 50
147 1227 267 1263 piendo
280 1227 379 1256 aliter
392 1236 492 1263 quam
506 1227 611 1263 accipi
627 1227 753 1256 debeat.

187 1273 325 1308 Propter
350 1272 496 1308 primum
525 1273 606 1302 dicit
634 1272 841 1309 Augustinus
864 1273 901 1301 in

148 1318 289 1347 Civitate
323 1318 403 1347 Dei:
426 1316 517 1346 ‘Non
545 1318 661 1347 omnia
690 1328 773 1354 quae
809 1320 902 1354 gesta

148 1366 332 1392 narrantur
352 1364 453 1392 etiam
474 1363 663 1400 significare
694 1364 822 1400 aliquid
843 1374 902 1400 pu-

147 1410 252 1438 tanda,
266 1411 345 1437 sunt
358 1420 364 1446 ;
386 1410 442 1438 sed
457 1411 592 1445 propter
600 1410 662 1438 illa
675 1419 759 1446 quae
773 1410 901 1446 aliquid

96 1464 130 1491 55
148 1454 346 1491 significant,
375 1454 477 1483 etiam
504 1464 542 1483 ea
575 1465 659 1491 quae
686 1455 774 1484 nihil
800 1455 901 1492 signi-

148 1501 261 1536 ficant,
290 1502 496 1530 attexuntur.
550 1501 624 1529 Solo
651 1510 783 1530 vomere
810 1503 902 1530 terra

147 1545 390 1581 proscinditur;
426 1546 483 1574 sed
518 1547 557 1574 ut
589 1546 651 1574 hoc
680 1546 753 1574 fieri
786 1546 899 1582 possit,

148 1591 250 1620 etiam
264 1592 394 1620 caetera
407 1591 512 1619 aratri
526 1592 676 1620 membra
694 1594 776 1620 sunt
790 1600 899 1620 neces-

147 1636 256 1666 saria'

94 1682 132 1710 (νυ
187 1679 326 1718 Propter
353 1683 545 1719 secundum,
571 1682 659 1711 idem
683 1682 732 1711 ait
759 1682 796 1710 in
820 1683 903 1711 Doc-

147 1728 239 1756 trina
254 1728 453 1757 Christiana.
469 1728 606 1763 loquens
620 1729 660 1757 de
674 1729 740 1764 illo,
757 1728 814 1764 qui
828 1729 902 1756 vult

147 1774 240 1803 aliud
254 1774 290 1801 in
304 1773 478 1810 scripturis
497 1774 630 1810 sentire,
646 1783 746 1810 quam
765 1774 823 1802 ille
845 1774 902 1809 qui

147 1819 280 1855 scripsit
301 1828 355 1848 eas
370 1819 461 1856 dicit,
479 1820 565 1855 quod
583 1821 589 1835 ⁶
602 1820 652 1848 ita
665 1819 805 1855 fallitur,
821 1828 860 1848 ac
874 1819 902 1848 si

147 1866 323 1902 quisquam
346 1867 499 1895 deserens
523 1866 620 1902 viam,
643 1875 680 1895 eo
704 1868 822 1894 tamen
844 1875 903 1901 per

95 1914 130 1948 65
147 1921 267 1948 gyrum
289 1914 439 1947 pergeret
463 1921 528 1947 quo
558 1911 613 1940 via
644 1911 704 1939 illa
731 1910 903 1946 perducit.'

148 1958 192 1986 Et
206 1957 318 1985 subdit
331 1968 338 1985 ε
361 1958 367 1972 ‘
380 1958 689 1986 Demonstrandum
703 1958 763 1992 est,
773 1958 813 1984 ut
828 1965 903 1984 con-

148 2003 324 2032 suetudine
339 2003 495 2031 deviandi
505 2002 604 2031 etiam
622 2002 658 2030 in
673 2004 902 2030 transversum

148 2050 206 2077 aut
227 2058 419 2084 perversum
438 2049 485 2077 ire
504 2048 663 2084 cogatur!
705 2047 831 2076 Deinde
853 2047 903 2075 in-

147 2094 223 2123 nuit
243 2103 386 2130 causam,
403 2103 506 2130 quare
521 2093 707 2122 cavendum
726 2093 770 2121 sit
789 2093 852 2121 hoc
866 2093 902 2121 in

96 2150 131 2176 70
148 2140 331 2176 scripturis,
368 2139 502 2168 dicens:
539 2138 726 2167 ‘Titubabit
754 2138 844 2175 fides,
874 2138 902 2166 si

147 2185 339 2214 divinarum
367 2185 609 2221 scripturarum
632 2184 770 2212 vacillat
791 2186 902 2212 aucto-

146 2231 248 2261 ritas!
289 2233 356 2268 Ego
384 2234 497 2260 autem
525 2231 605 2267 dico,
636 2230 722 2265 quod
757 2229 785 2258 si
819 2229 902 2258 talia

146 2277 273 2306 fuerint
301 2279 341 2306 de
369 2277 569 2314 ignorantia,
594 2276 802 2312 correptione
827 2275 901 2303 dili-

147 2325 265 2359 genter
285 2323 444 2360 adhibita,
467 2323 706 2359 ignoscendum
731 2324 789 2357 est,
815 2321 901 2350 sicut

99 2378 132 2406 75
147 2369 386 2405 ignoscendum
414 2370 497 2397 esset
526 2368 586 2403 illi,
616 2367 673 2403 qui
707 2367 837 2395 leonem
863 2366 901 2394 in

148 2414 291 2443 nubibus
313 2414 516 2442 formidaret.
568 2413 603 2441 Si
625 2422 702 2441 vero
724 2412 899 2449 industria,

146 2468 214 2488 non
236 2459 334 2487 aliter
355 2468 430 2487 cum
455 2459 501 2487 sic
521 2458 711 2487 errantibus
731 2460 780 2486 est
803 2467 901 2494 agen-

146 2505 236 2541 dum,
262 2513 363 2540 quam
391 2513 467 2533 cum
494 2503 658 2539 tyrannis,
685 2503 743 2539 qui
768 2503 901 2539 publica

146 2550 221 2579 iura
243 2558 311 2578 non
336 2550 379 2578 ad
405 2558 617 2579 communem
644 2548 827 2578 utilitatem
855 2557 901 2577 se-

547 162 618 199 DE
647 162 1013 200 MONARCHIA:
1051 163 1123 199 ΙΙΙ.
1151 163 1245 200 CAr‘.
1272 175 1306 210 4.

957 278 1115 311 quuntur,
1150 276 1205 304 scd
1241 276 1283 303 ad
1318 274 1486 311 propriam
1522 277 1711 311 retorquere
1727 279 1767 306 80

957 323 1130 350 conantur.
1661 333 1663 336 ⁴

998 367 1047 396 Oh
1062 376 1230 396 summum
1245 366 1384 400 facinus,
1395 366 1526 395 etiamsi
1538 365 1712 402 contingat

958 412 993 440 in
1021 412 1168 447 somniis,
1197 411 1326 440 aeterni
1351 411 1496 447 Spiritus
1522 411 1711 441 intentione

957 458 1070 487 abuti!
1112 458 1185 486 Non
1208 458 1298 486 enim
1324 460 1480 493 peccatur
1502 457 1538 485 in
1565 458 1709 493 Moysen,

958 512 1024 531 non
1048 503 1083 532 in
1106 504 1223 539 David,
1247 512 1313 531 non
1339 503 1373 530 in
1397 503 1463 538 Iob,
1480 511 1547 531 non
1570 503 1605 531 in
1628 503 1711 530 Mate
1728 505 1764 538 85

957 549 1104 585 thaeum,
1120 558 1181 577 nec
1202 549 1236 576 in
1258 549 1408 584 Paulum,
1424 549 1480 576 sed
1497 548 1532 576 in
1547 547 1711 583 Spiritum

958 595 1128 631 Sanctum,
1159 595 1215 631 qui
1244 594 1391 630 loquitur
1426 594 1462 622 in
1492 594 1566 623 illis.
1623 593 1709 622 Nam

957 648 1159 676 quamquam
1181 641 1306 669 scribae
1333 639 1441 668 divini
1465 639 1586 675 eloquii
1610 638 1710 667 multi

957 685 1031 720 sint,
1048 685 1167 714 unicus
1186 687 1299 713 tamen
1320 685 1463 713 dictator
1476 688 1526 713 est
1541 685 1637 720 Deus,
1653 684 1711 720 qui

957 730 1201 767 beneplacitum
1216 739 1313 759 suum
1336 730 1430 758 nobis
1450 739 1508 765 per
1528 730 1710 758 multorum
1727 739 1766 767 9⁰

957 777 1100 805 calamos
1115 776 1279 812 explicare
1294 775 1452 811 dignatus
1467 778 1524 804 est.

996 822 1057 850 His
1078 822 1190 858 itaque
1204 821 1417 858 praenotatis,
1434 822 1476 850 ad
1499 821 1532 850 id
1551 822 1637 858 quod
1659 830 1712 850 su-

956 867 1067 903 perius
1082 868 1255 897 dicebatur
1265 867 1338 895 dico
1346 876 1405 903 per
1416 867 1711 902 interemptionem

955 912 1046 941 illius
1066 912 1157 949 dicti,
1174 913 1261 948 quod
1282 913 1421 941 dicunt:
1447 912 1508 940 iun
1526 913 1592 940 duo
1613 912 1711 940 lumi-

956 957 1052 986 naria
1060 958 1168 993 typice
1177 958 1356 994 importare
1368 958 1433 986 duo
1443 958 1525 986 haec
1536 957 1709 994 regimina,
1728 964 1765 994 95

956 1002 991 1030 in
1011 1012 1076 1038 quo
1095 1002 1230 1038 quidem
1251 1002 1340 1031 dicto
1360 1004 1432 1031 tota
1452 1002 1502 1031 vis
1521 1002 1712 1038 argumenti

956 1047 1117 1077 consistit.
1148 1048 1241 1082 Quod
1256 1050 1370 1077 autem
1382 1048 1438 1076 ille
1449 1056 1565 1076 sensus
1575 1047 1712 1076 omnino

955 1093 1113 1122 sustineri
1140 1102 1209 1122 non
1237 1093 1349 1129 possit,
1373 1093 1498 1129 duplici
1523 1093 1578 1122 via
1604 1095 1712 1129 potest

954 1139 1093 1168 ostendi.
1137 1139 1257 1175 Primo,
1287 1139 1365 1175 quia
1389 1147 1492 1175 quum
1518 1138 1711 1167 huiusmodi

955 1183 1118 1220 regimina
1139 1184 1208 1212 sint
1228 1183 1416 1213 accidentia
1430 1185 1593 1220 quaedam
1607 1183 1711 1220 ipsius
1732 1195 1780 1215 ion

954 1228 1108 1266 hominis,
1130 1229 1300 1257 videretur
1323 1230 1412 1257 Deus
1436 1237 1515 1257 usus
1539 1228 1641 1257 fuisse
1661 1237 1712 1256 or-

954 1274 1033 1303 dine
1068 1283 1230 1311 perverso,
1258 1274 1446 1303 accidentia
1473 1274 1565 1309 prius
1592 1274 1712 1309 produ-

954 1320 1057 1348 condo
1078 1328 1178 1356 quam
1198 1319 1370 1356 proprium
1394 1319 1600 1355 subiectum3
1625 1320 1710 1355 quod

954 1365 1135 1394 absurdum
1156 1367 1206 1394 est
1231 1365 1341 1393 dicere
1365 1365 1405 1393 de
1427 1365 1501 1393 Deo.
1545 1365 1631 1392 Nam
1651 1364 1713 1392 illa

954 1411 1019 1438 duo
1033 1410 1215 1439 luminaria
1233 1411 1395 1447 producta
1414 1412 1494 1438 sunt
1508 1410 1561 1439 die
1581 1412 1710 1447 quarto,
1732 1417 1780 1446 ¹05

954 1458 987 1484 ct
1002 1456 1101 1484 homo
1116 1456 1168 1485 die
1182 1458 1293 1492 sexto3
1316 1458 1355 1484 ut
1366 1458 1459 1492 patet
1473 1455 1509 1484 in
1524 1455 1630 1484 litera.

995 1502 1178 1538 Praeterea,
1208 1511 1314 1538 quum
1348 1502 1413 1530 ista¹
1447 1501 1612 1538 regimina
1641 1501 1711 1530 sint

953 1546 1129 1575 hominum
1143 1547 1308 1575 directiva
1325 1547 1361 1575 in
1382 1548 1543 1582 quosdam
1562 1547 1655 1582 fines,
1671 1549 1711 1575 ut

952 1591 1043 1621 infra
1063 1592 1199 1629 patebit,
1221 1592 1250 1621 si
1271 1592 1370 1620 homo
1394 1591 1540 1620 stetisset
1561 1591 1597 1620 in
1618 1594 1711 1621 statu

953 1637 1174 1674 innocentiae,
1204 1638 1241 1666 in
1269 1647 1333 1673 quo
1367 1646 1388 1665 a
1414 1638 1482 1666 Deo
1514 1637 1623 1665 fact-us
1649 1639 1708 1673 est,
1731 1644 1780 1664 no

953 1684 1077 1712 talibus
1095 1684 1266 1713 directivis
1288 1693 1356 1712 non
1373 1683 1579 1720 indiguisset.
1622 1684 1710 1712 Sunt

953 1739 1030 1765 ergo
1043 1729 1236 1758 huiusmodi
1249 1729 1415 1766 regimina
1428 1728 1577 1757 remedia
1590 1730 1710 1757 contra

953 1774 1187 1803 infirmitatem
1213 1774 1351 1811 peccati.
1409 1774 1519 1807 Quum
1541 1782 1617 1810 ergo
1639 1782 1709 1802 non

954 1820 1060 1848 solum
1080 1820 1117 1848 in
1140 1820 1193 1849 die
1214 1822 1332 1856 quarto
1352 1821 1506 1856 peccator
1523 1819 1622 1848 homo
1640 1828 1709 1848 non

954 1867 1034 1902 erat,
1072 1867 1128 1894 sed
1158 1866 1260 1894 etiam
1292 1864 1490 1901 simpliciter
1515 1864 1614 1892 homo
1640 1873 1709 1893 non
1729 1868 1779 1896 115

954 1913 1035 1947 erat,
1051 1911 1232 1947 producere
1254 1910 1402 1939 remedia
1420 1909 1538 1938 fuisset
1556 1909 1707 1946 otiosum,

954 1957 1040 1992 quod
1076 1958 1125 1985 est
1161 1959 1280 1985 contra
1321 1955 1472 1984 divinam
1512 1954 1707 1985 bonitatem.

955 2002 1084 2030 Stultus
1119 2001 1210 2030 enim
1244 2003 1329 2031 esset
1355 2001 1514 2037 medicus,
1542 1999 1600 2036 qui
1628 2002 1709 2029 ante

954 2047 1167 2077 nativitatem
1180 2047 1337 2083 hominis,
1352 2055 1412 2083 pro
1432 2047 1636 2082 apostemate
1657 2045 1709 2075 fu-

955 2094 1039 2129 turo,
1067 2092 1120 2120 illi
1147 2092 1363 2128 emplastrum
1390 2091 1577 2120 conficeret.
1633 2091 1709 2119 Non
1728 2096 1780 2115 ¹20

953 2138 1057 2174 igitur
1084 2138 1264 2167 dicendum
1294 2140 1352 2174 est,
1385 2138 1472 2174 quod
1506 2139 1625 2173 quarto
1655 2136 1708 2165 die

954 2185 1041 2212 Deus
1062 2184 1144 2213 haec
1165 2185 1230 2212 duo
1251 2184 1416 2221 regimina
1435 2183 1567 2218 fecerit;
1597 2184 1631 2211 et
1650 2191 1710 2218 per

953 2238 1155 2266 consequens
1168 2230 1312 2258 intentio
1324 2229 1428 2266 Moysi
1440 2238 1508 2258 esse
1517 2238 1586 2257 non
1596 2227 1709 2266 potuit

952 2275 1021 2312 illa,
1038 2285 1139 2311 quam
1155 2276 1297 2312 fingunt.

993 2322 1103 2350 Potest
1112 2321 1214 2350 etiam
1224 2321 1286 2350 hoc
1294 2320 1517 2356 mendacium,
1526 2319 1707 2356 tolerando,
1729 2322 1780 2353 125

952 2375 1011 2402 per
1031 2366 1280 2395 distinctionem
1301 2366 1443 2395 dissolvi.
1487 2365 1600 2394 Mitior
1614 2373 1709 2394 nam-

953 2421 1016 2448 que
1025 2414 1074 2440 est
1084 2411 1120 2440 in
1131 2412 1358 2440 adversarium
1366 2411 1486 2440 solutio
1497 2410 1692 2439 distinctiva
1701 2420 1708 2446 ;

953 2466 1021 2486 non
1036 2456 1125 2486 enim
1138 2457 1275 2485 omnino
1295 2457 1464 2486 mentiens
1483 2465 1551 2484 esse
1564 2455 1706 2491 videtur,

953 2503 1038 2531 sicut
1072 2502 1310 2538 interemptiva
1343 2502 1441 2530 illum
1475 2501 1581 2531 videri
1615 2501 1706 2530 facit.

954 2548 1036 2577 Dico
1058 2557 1143 2586 ergo,
1166 2549 1253 2585 quod
1276 2548 1356 2577 licet
1377 2548 1474 2577 Luna
1495 2557 1564 2579 non
1586 2548 1708 2576 habeat
1728 2552 1780 2580 ¹30
