1780 2820
146 130 217 166 350

147 230 361 259 coascendere
381 238 495 258 omnes
519 230 561 258 ad
586 229 900 266 circumferentiam,

147 275 176 304 si
196 275 384 304 voluntarie
404 275 467 303 hoc
487 275 654 312 facerent;
682 275 732 304 ita
750 275 903 305 homines

146 320 258 356 plures
278 321 455 349 concordes
475 320 626 356 dicimus,
648 322 782 357 propter
802 320 904 349 simul

147 365 272 395 moveri
295 367 479 395 secundum
502 366 587 395 velle
610 366 654 394 ad
677 375 794 403 unum,
815 367 903 402 quod

94 420 130 448 45
147 412 198 440 est
216 411 402 440 formaliter
420 411 457 439 in
476 411 546 440 suis
563 411 800 448 voluntatibus,
816 411 904 440 sicut

147 456 292 492 qualitas
304 465 375 484 una
389 456 574 484 formaliter
592 456 629 485 in
649 456 762 493 glebis,
776 456 904 485 scilicet

147 501 302 538 gravitas,
338 503 372 529 et
410 510 481 530 una
517 500 554 529 in
588 501 742 538 flammis,
776 501 904 530 scilicet

147 547 273 576 levitas.
325 546 411 575 Nam
444 546 552 575 virtus
585 546 724 575 volitiva
755 547 905 583 potentia

147 593 310 628 quaedam
321 594 384 628 est;
400 592 457 620 sed
471 591 593 628 species
604 591 683 620 boni
694 592 902 627 apprehensi,

94 649 131 674 50
146 638 255 666 forma
293 639 344 666 est
375 637 454 674 eius,
492 646 576 673 quae
619 637 755 673 quidem
786 638 902 674 forma,

147 683 426 719 quemadmodum
448 684 481 711 et
502 682 596 719 aliae,
618 691 690 711 una
709 682 745 711 in
765 691 800 712 se
820 683 904 711 mul·

147 728 330 764 tiplicatur,
373 729 557 756 secundum
590 728 904 764 multiplicationem

147 774 307 803 materiae
317 773 518 810 recipientis,
527 775 566 802 ut
572 773 687 802 anima
696 776 728 802 et
735 782 902 810 numerus,

147 821 181 848 ct
190 819 276 848 aliae
287 819 412 848 formae
423 818 653 855 compositioni
664 819 902 856 contingentes.

96 872 130 899 55
186 866 249 894 His
269 865 469 902 praemissis,
490 868 626 902 propter
646 865 904 894 declarationem

147 912 371 940 adsumendae
385 910 619 947 propositionis
632 910 676 939 ad
689 911 903 948 propositum,

147 956 195 985 sic
210 958 380 993 arguatur.
413 955 530 984 Omnis
549 955 727 985 concordia
740 957 904 992 dependet

147 1002 189 1030 ab
200 1001 332 1030 unitate
342 1009 426 1037 quae
437 1003 487 1030 est
496 1000 532 1029 in
542 1001 786 1038 voluntatibus3
800 1011 904 1038 genus

148 1046 335 1075 humanum
350 1046 472 1081 optime
486 1054 520 1074 se
538 1045 665 1075 habens
679 1048 728 1075 est
742 1047 904 1083 quaedam

94 1094 132 1120 60
149 1092 333 1121 concordia.
366 1092 454 1121 Nam
468 1092 556 1121 sicut
569 1101 658 1121 unus
670 1092 769 1121 homo
781 1092 904 1129 optimo

148 1147 182 1166 se
209 1137 345 1173 habens,
373 1139 406 1166 et
433 1139 598 1173 quantum
622 1138 665 1166 ad
688 1138 845 1175 animam,
871 1141 904 1167 et

148 1185 312 1218 quantum
333 1183 376 1211 ad
397 1191 523 1219 corpus,
545 1184 595 1211 est
615 1183 791 1212 concordia
809 1193 906 1219 quac-

148 1229 235 1265 dam,
271 1230 305 1257 et
344 1228 500 1257 similiter
539 1229 665 1265 domus,
704 1229 830 1266 civitas,
870 1231 904 1258 et

147 1283 304 1311 regnum;
346 1274 394 1302 sic
427 1275 536 1303 totum
569 1283 674 1311 genus
707 1275 902 1304 humanum.

95 1320 129 1353 65
148 1320 235 1356 Ergo
249 1327 353 1356 genus
370 1319 559 1347 humanum
577 1319 700 1355 optime
714 1329 748 1348 se
766 1319 902 1356 habens,

146 1366 190 1394 ab
221 1365 353 1393 unitate
389 1374 474 1401 quae
510 1366 560 1394 est
599 1365 636 1394 in
676 1365 904 1394 voluntatibus

147 1411 320 1447 dependet.
364 1411 428 1439 Sed
447 1410 511 1439 hoc
530 1419 599 1439 esse
619 1420 689 1439 non
706 1412 823 1447 potest,
838 1411 904 1440 nisi

146 1456 191 1485 sit
215 1457 370 1484 voluntas
394 1465 473 1492 una,
501 1456 638 1485 domina
661 1458 694 1485 et
721 1456 905 1493 regulatrix

147 1501 298 1530 omnium
321 1501 465 1530 aliarum
488 1501 524 1529 in
545 1510 672 1538 unum;
696 1510 800 1538 quum
819 1511 905 1530 mor-

96 1555 131 1581 70
147 1547 268 1576 talium
278 1547 466 1575 voluntates
479 1549 614 1583 propter
627 1547 769 1576 blandas
782 1547 904 1576 adoles—

147 1593 275 1622 centiae
289 1593 526 1622 delectationes
544 1592 720 1629 indigeant
733 1593 900 1629 directivo,

147 1640 187 1667 ut
219 1638 256 1667 in
290 1638 420 1667 ultimis
454 1639 497 1666 ad.
535 1638 775 1668 Nicomachum
809 1640 903 1667 docet

147 1684 371 1720 Philosophus.
415 1684 483 1713 Nec
507 1683 574 1712 ista
595 1693 666 1713 una
688 1686 797 1720 potest
823 1693 901 1721 esse,

146 1729 212 1757 nisi
244 1729 288 1758 sit
321 1729 477 1764 Princeps
504 1737 594 1758 unus
620 1729 780 1766 omnium,
808 1730 902 1759 cujus

98 1782 131 1811 75
146 1775 301 1803 voluntas
327 1774 463 1803 domina
490 1776 523 1803 et
550 1775 733 1811 reg-ulatrix
758 1775 902 1804 aliarum

146 1820 298 1849 omnium
332 1829 400 1849 esse
433 1820 546 1856 possit.

145 1957 332 1986 humantun
365 1965 478 1993 genus,
507 1966 576 1986 esse
609 1956 646 1984 in
679 1958 806 1985 mundo
837 1957 903 1985 Mo-

93 2007 130 2032 80
145 2002 316 2038 narcham,
329 2004 363 2030 et
375 2011 435 2038 per
446 2010 659 2038 consequens,
674 2002 903 2030 Monarchiam
929 2011 931 2019 ¹

146 2048 188 2076 acl
203 2049 286 2076 bene
300 2057 368 2076 csse
382 2047 511 2076 mundi.

190 2093 295 2123 XVI.
325 2093 476 2129 (XVIII.)
510 2092 708 2122 Rationibus
751 2094 905 2124 omnibus
930 2109 931 2121 η

146 2147 247 2175 supra
282 2138 407 2174 positis,
441 2137 648 2174 experientia
683 2139 905 2168 memorabilis

146 2185 344 2219 attestatur;
369 2184 478 2212 status
496 2182 651 2212 videlicet
673 2183 765 2212 illius
783 2186 905 2213 morta-

145 2229 238 2266 lium,
251 2238 350 2265 quem
361 2228 423 2258 Dei
433 2228 546 2266 Filius,
557 2228 593 2257 in
604 2229 747 2258 salutem
758 2229 905 2267 hominis
930 2241 931 2248 ¹

114 2284 131 2311 5
147 2275 316 2304 hominem
325 2275 572 2310 adsumpturus,
580 2274 633 2303 vel
644 2275 838 2312 expectavit,
850 2276 904 2304 vel
929 2298 931 2303 ⁴

147 2329 251 2357 quum
259 2320 365 2349 voluit
373 2320 441 2356 ipse
451 2319 622 2356 disposuit.
647 2320 734 2348 Nam
743 2320 771 2348 si
779 2329 800 2349 a
807 2321 903 2356 lapsu

144 2411 211 2440 fuit
247 2411 351 2440 totius
387 2412 520 2439 nostrae
557 2410 763 2447 deviationis,
799 2411 904 2447 dispo-

144 2457 280 2486 sitiones
297 2456 473 2485 hominum
486 2458 520 2485 et
539 2458 689 2492 tempora
701 2456 902 2492 recolamus;

98 2514 130 2533 ιο
145 2511 213 2531 non
238 2502 455 2539 inveniemus,
480 2502 545 2530 nisi
569 2503 630 2531 sub
655 2502 731 2530 divo
754 2502 903 2539 Augusto

600 1821 694 1854 Quod
728 1821 757 1849 si
789 1830 902 1850 omnes
928 1842 930 1849 ι

147 1866 400 1902 consequentiae
411 1866 594 1902 superiores
604 1875 701 1895 verae
714 1868 793 1895 sunt
800 1889 807 1903 ,
816 1868 902 1902 quod
928 1897 930 1909 ,

146 1913 244 1947 sunt;
275 1919 406 1940 necesse
431 1912 488 1947 est,
512 1912 556 1940 ad
579 1911 702 1946 optime
726 1920 760 1940 se
781 1911 903 1941 habere
928 1913 930 1926 '¹

358 117 448 170 ⁴DE
478 116 839 155 MONARCHIA:
876 117 903 154 1.
933 117 1027 155 CAP.
1057 129 1112 167 15,
1133 116 1289 156 16—11.
1315 116 1412 154 CAP.
1442 129 1472 153 1.

1320 185 1706 195 -μ-ᾼΜ,

954 230 1147 267 Monarcha,
1163 229 1325 259 existente
1339 228 1534 258 Monarchia
1553 227 1709 264 perfecta,

953 276 1119 304 mundum
1147 275 1295 311 undique
1326 274 1426 303 fuisse
1453 273 1613 310 quietum.
1667 273 1712 302 Et

954 320 1040 356 quod
1061 322 1143 349 tunc
1164 319 1351 349 humanum
1375 328 1480 356 genus
1503 318 1607 347 suerit
1630 318 1710 347 felix

954 366 990 394 in
1018 366 1109 402 pacis
1134 365 1331 395 universalis
1358 364 1616 400 tranquillitate,
1646 363 1711 392 hoc

953 411 1214 447 historiographi
1225 419 1348 446 omnes,
1358 410 1421 438 hoc
1429 412 1544 446 poetae
1554 409 1710 445 illustres,
1730 411 1763 441 15

954 457 1017 486 hoo
1041 456 1142 486 etiam
1162 456 1276 485 Scriba
1297 455 1565 484 mansuetudinis
1586 453 1711 483 Christi

954 502 1074 531 testari
1098 502 1255 538 dignatus
1278 503 1337 536 est,
1361 503 1395 529 ct
1415 499 1557 536 denique
1578 499 1711 536 Paulus,

957 547 1220 584 ‘plenitudinem
1254 546 1427 582 temporis’
1455 548 1582 574 statum
1613 543 1712 573 illum

954 592 1182 622 felicissimum
1196 591 1384 628 appellavit.
1427 591 1511 619 Vere
1531 592 1664 626 tempus
1677 591 1712 619 et

954 638 1150 674 temporalia
1173 646 1320 674 quaeque
1340 637 1440 673 plena
1463 637 1612 671 fuerunt,
1633 634 1713 671 quia
1729 643 1766 663 πο

954 684 1090 712 nullum
1121 687 1254 712 nostrae
1285 682 1458 711 felicitatis
1485 681 1712 710 ministerium

954 729 1110 758 ministro
1142 729 1281 758 vacavit.
1339 727 1492 762 Qualiter
1530 729 1643 756 autem
1677 734 1712 755 se

954 775 1110 804 habuerit
1133 775 1231 812 orbis,
1260 784 1301 803 ex
1324 783 1390 811 quo
1418 773 1536 803 tunica
1564 773 1630 802 ista
1662 771 1712 801 in-

955 820 1137 857 consutilis,
1163 819 1358 856 cupiditatis
1389 829 1501 856 ungue
1533 819 1712 848 scissuram

955 865 1111 901 primitus
1123 874 1219 902 passa
1232 867 1290 902 est,
1306 867 1340 893 et
1354 865 1461 901 legere
1479 872 1662 900 possumus,
1678 864 1712 892 et
1729 869 1764 900 25

954 910 1087 940 utinam
1100 919 1169 939 non
1184 910 1302 939 videre.
1347 909 1373 938 Ο
1387 918 1491 946 genus
1505 909 1711 937 humanum!

954 956 1092 992 quantis
1110 955 1263 992 procellis
1281 957 1382 991 atque
1401 954 1548 990 iacturis,
1564 953 1712 990 quantis-

955 1011 1018 1037 que
1032 1001 1218 1038 naufrsgiis
1231 1000 1354 1037 agitari
1367 1002 1400 1028 te
1414 1007 1545 1028 necesse
1558 1001 1618 1035 est,
1630 999 1712 1028 dum

955 1047 1067 1076 bellua
1099 1047 1284 1075 multorum
1319 1045 1469 1081 capitum
1501 1045 1639 1081 factum,
1674 1044 1711 1073 in

955 1092 1086 1121 diversa
1132 1091 1270 1122 conaris.
1333 1091 1514 1120 Intellecta
1563 1092 1713 1126 aegrotas
1727 1097 1767 1125 30

955 1140 1106 1175 utroque,
1126 1137 1282 1167 similiter
1300 1139 1334 1166 et
1353 1136 1494 1166 affectu:
1515 1136 1713 1165 Rationibus

955 1183 1238 1220 irrefragabilibus
1271 1182 1482 1211 intellectum
1512 1181 1712 1218 superiorem

955 1238 1023 1258 non
1070 1237 1183 1265 ouras;
1237 1237 1299 1257 nec
1344 1227 1567 1263 experientiae
1613 1226 1713 1255 vultu

955 1274 1159 1310 inferiorem,
1186 1274 1243 1302 sed
1268 1282 1330 1302 nec
1354 1273 1512 1301 affectum
1537 1271 1712 1301 dulcedine

956 1320 1088 1348 divinae
1099 1318 1271 1355 suasionis,
1284 1327 1388 1355 quum
1398 1327 1457 1353 per
1467 1318 1584 1346 tubam
1595 1317 1712 1346 Sancti
1726 1320 1764 1350 35

956 1365 1100 1401 Spiritus
1113 1364 1175 1393 tibi
1189 1363 1338 1392 affletur:
1361 1363 1460 1392 ‘Ecce
1474 1371 1574 1399 quam
1588 1363 1712 1391 bonum

956 1412 989 1439 ct
1012 1419 1114 1446 quam
1137 1410 1332 1445 iucundum,
1354 1408 1507 1437 habitare
1530 1408 1652 1437 fratres
1674 1407 1712 1437 in

954 1456 1082 1486 unum-⁹

1336 1559 1353 1572 >

1125 1664 1268 1695 LIBER
1291 1662 1549 1695 SECUNDUS.

956 1755 1118 1788 Quouono
1138 1755 1295 1783 Romuws
1317 1761 1457 1781 pommus
1478 1762 1522 1780 nu
1544 1762 1624 1781 lum:
1646 1761 1712 1781 sun

995 1809 1188 1829 Anscwnm'r
1212 1807 1368 1827 ori-lemn
1394 1799 1612 1826 Monaesum
1638 1806 1712 1826 siva

996 1846 1147 1875 Iura-1³11.

994 1913 1026 1943 1.
1051 1914 1058 1928 ‘
1067 1914 1175 1947 Quare
1187 1914 1400 1942 fremuerunt
1414 1913 1539 1949 gentes,
1552 1913 1586 1940 et
1596 1911 1711 1948 populi

955 1958 1111 1987 meditati
1124 1960 1204 1987 sunt
1216 1957 1355 1987 inania?
1385 1958 1601 1987 Adstiterunt
1618 1965 1711 1994 reges

954 2006 1074 2041 terrae,
1087 2006 1120 2033 et
1133 2003 1301 2040 principes
1311 2004 1539 2032 convenerunt
1552 2002 1589 2030 in
1602 2012 1711 2032 unum

956 2050 1113 2079 adversus
1127 2049 1309 2078 Dominum
1323 2049 1357 2077 et
1371 2049 1528 2077 adversus
1539 2047 1714 2078 Christum
1745 2069 1751 2074 .
1770 2067 1780 2093 ¹,

956 2095 1037 2131 eius.
1080 2094 1318 2131 Dirumpamus
1350 2093 1488 2122 vincula
1519 2102 1642 2129 eorum,
1673 2094 1709 2122 et
1721 2099 1741 2127 5

930 2164 931 2174 ,
956 2139 1156 2176 proiciamus
1168 2148 1189 2168 a
1201 2139 1296 2167 nobis
1309 2138 1428 2175 iugum
1440 2138 1606 2174 ipsorum!
1617 2138 1624 2152 ’

996 2185 1090 2214 Sicut
1096 2184 1265 2214 adfaciem
1271 2192 1390 2213 causae
1395 2192 1463 2212 non
1469 2183 1707 2221 pertingentes,
1771 2193 1780 2230 q,

956 2239 1080 2259 novum
1091 2229 1246 2258 effectum
1258 2228 1481 2258 communiter
1490 2229 1708 2266 admiramur,
1774 2233 1780 2266 j

956 2275 1012 2311 sic,
1035 2283 1139 2311 quum
1163 2283 1299 2304 causam
1321 2274 1556 2311 cognoscimus,
1578 2282 1632 2303 eos
1651 2274 1709 2311 qui
1770 2270 1780 2320 j

930 2332 931 2354 1
955 2322 1036 2349 sunt
1061 2320 1098 2348 in
1123 2320 1344 2349 admiratione
1365 2321 1539 2355 restantes,
1564 2320 1708 2356 quadam
1726 2322 1780 2364 ιαξ

144 2366 327 2402 primorum
358 2367 546 2401 parentum,
581 2365 638 2401 qui
669 2365 904 2395 diverticulum
929 2379 930 2384 ¹

955 2365 1118 2395 derisione
1124 2360 1330 2401 despicimus.
1350 2365 1709 2401 Admirabarequidem

954 2411 1144 2448 aliquando,
1168 2411 1357 2439 Romanum
1378 2411 1539 2447 populum
1562 2410 1600 2439 in
1623 2411 1708 2440 Orbe

953 2459 1122 2486 terrarum
1135 2455 1206 2484 sine
1217 2456 1288 2484 ulla
1300 2455 1492 2484 resistentia
1502 2456 1603 2485 fuisse
1616 2465 1709 2492 plae-

954 2502 1099 2538 fectum;
1141 2510 1244 2537 quum
1281 2502 1417 2529 tantum
1454 2501 1709 2537 superficialiter
1748 2539 1752 2543 ,
1768 2519 1780 2544 ς
