1722 2756
475 397 598 452 DE
659 386 1225 449 MONARCHIA

804 525 906 543 —ob—

118 621 160 647 La
171 617 362 647 numeratione
374 615 419 642 dei
433 613 547 647 capitoli
558 613 572 638 ἑ
585 612 675 644 quella
689 610 733 636 del
750 610 784 636 W
785 610 847 637 ine,-
868 615 914 633 ma
925 606 1017 639 quella
1031 606 1098 631 delle
1111 603 1232 630 editioni
1247 602 1291 628 del
1303 601 1448 628 Fraticelli
1459 608 1472 626 e
1483 600 1512 626 d'
1523 599 1593 626 alera·

550 647 650 674 editori
662 646 676 671 ι’
687 645 814 671 indicata
826 650 876 669 con
887 642 975 674 quem·
986 641 1062 673 seyne·
1072 639 1084 673 (
1116 639 1137 673 ).

807 741 909 759 —QQ—

276 915 419 948 LIBER
442 912 631 946 PRIMUS.

178 1008 231 1036 Dr.
251 1007 475 1036 Nzcussrru‘r:
497 1005 722 1033 Mommcmm.

118 1101 151 1132 1.
173 1101 310 1130 Ousmu
331 1099 507 1128 hominum
527 1106 608 1135 quos
620 1096 664 1126 ad
684 1103 831 1124 amorem

79 1146 230 1176 veritatis
251 1148 374 1174 natura
401 1143 548 1180 superior
569 1141 744 1177 impressit,
770 1140 832 1168 hoc

81 1192 225 1221 maxime
252 1191 410 1219 interesse
437 1188 578 1223 videtur,
606 1189 645 1215 ut
679 1185 834 1221 quemad-

82 1239 218 1267 modum
251 1237 292 1266 ‹le
330 1236 439 1264 labore
476 1234 694 1269 antiquorum
732 1230 833 1260 ditati

49 1291 67 1319 5
81 1285 170 1319 sunt,
199 1282 249 1311 ita
275 1284 308 1311 et
342 1280 406 1316 ipsi
438 1278 577 1316 posteris
611 1277 832 1313 prolaborent,

83 1331 246 1365 quatenus
272 1327 314 1355 ab
341 1326 388 1354 eis
413 1324 589 1362 posteritas
615 1323 738 1351 habeat
769 1331 834 1358 quo
859 1325 860 1331 ¹

81 1373 215 1403 ditetur.
258 1373 368 1407 Longe
382 1379 526 1406 namque
540 1370 582 1398 ab
596 1368 702 1397 officio
716 1377 750 1396 se
764 1376 833 1396 esse

80 1429 149 1449 non
164 1419 303 1455 dubitet,
318 1418 376 1454 qui
389 1417 531 1454 publicis
549 1414 758 1444 documentis
774 1413 834 1441 im-

80 1465 190 1502 butus,
215 1465 259 1494 ad
279 1462 532 1499 Rempublicam
552 1460 678 1496 aliquid
702 1459 833 1488 adferre

32 1522 67 1542 ιο
81 1520 149 1540 non
169 1512 282 1547 aarum
304 1519 372 1538 non
393 1508 485 1538 enim
505 1510 555 1536 est
570 1507 730 1542 ‘lignum‚
746 1506 833 1541 quod

79 1565 174 1586 secus
199 1557 358 1586 decursus
385 1563 548 1591 aquarum
581 1552 763 1581 fructificat
796 1551 833 1580 in

79 1604 228 1639 tempore
240 1602 319 1638 suo,’
332 1601 389 1630 sed
399 1600 508 1636 potius
519 1598 703 1636 perniciosa
712 1606 834 1633 vorago

79 1657 210 1684 semper
229 1647 450 1684 ingurgitans,
471 1647 504 1674 et
526 1652 701 1680 nunquam
722 1643 834 1680 ingur-

81 1694 188 1730 gitata
206 1693 396 1723 refundens.
438 1692 508 1720 Hoc
528 1691 632 1727 igitur
651 1698 747 1725 saepe
767 1698 834 1717 me-

35 1750 66 1778 ¹⁵
82 1748 159 1769 cum
191 1738 386 1775 recogitans,
415 1747 458 1766 ne
491 1738 531 1765 de
564 1735 681 1765 infossi
712 1734 835 1764 talenti

82 1785 181 1822 culpa
219 1785 415 1821 quandoque
455 1783 644 1818 redarguar,
682 1780 835 1817 publicae

82 1831 225 1861 utilitati
248 1840 317 1860 non
342 1831 440 1859 modo
462 1831 659 1866 turgescere,
685 1827 835 1864 quinimo

83 1877 286 1906 fructificare
296 1877 454 1912 desidero,
466 1877 499 1904 et
510 1875 695 1903 intentatas
708 1875 750 1902 ab
760 1874 836 1902 aliis

83 1923 255 1951 ostendere
268 1921 433 1950 veritates
475 1920 560 1949 Nam
575 1928 673 1956 quem
687 1919 836 1948 fructum

33 1979 70 1998 no
85 1968 172 1997 serat
186 1968 251 2003 ille,
263 1967 321 2003 qui
331 1967 502 1995 theorema
511 1966 677 2001 quoddam
690 1964 838 1993 Euclidis

84 2013 209 2042 iterum
229 2011 494 2041 demonstraret?
521 2010 579 2046 qui
598 2010 640 2039 ab
659 2009 837 2038 Aristotele

86 2057 281 2086 felicitatem
306 2058 483 2092 ostensam,
507 2055 716 2084 reostendere
741 2063 836 2083 cona-

86 2103 201 2132 retur?
235 2103 293 2139 qui
319 2104 527 2132 senectutem
553 2110 574 2130 a
601 2100 756 2129 Cicerone
784 2101 837 2128 de-

85 2149 224 2185 fensam,
237 2149 416 2177 resumeret
427 2147 684 2176 defensandam?
698 2146 837 2174 Nullum

35 2205 70 2232 23
85 2194 224 2231 quippe;
245 2194 302 2223 sed
323 2193 496 2223 fastidium
516 2192 628 2229 potius
647 2192 708 2221 illa
727 2200 836 2228 super-

86 2239 198 2269 fluitas
210 2239 355 2268 taediosa
367 2240 558 2275 praestaret.

126 2285 299 2320 Quumque
313 2283 403 2312 inter
421 2283 503 2312 alias
516 2282 673 2312 veritates
691 2282 838 2311 occultas

87 2331 121 2358 et
141 2329 247 2365 utiles,
269 2328 460 2365 temporalis
482 2328 693 2357 Monarchiao
715 2327 838 2356 notitia

86 2374 266 2404 utilissima
285 2374 338 2411 sit,
354 2377 388 2403 et
405 2374 549 2403 maxime
563 2374 680 2409 latens,
697 2376 729 2402 et
744 2382 836 2410 prop-

37 2428 74 2455 ³⁰
89 2422 141 2449 ter
159 2429 227 2448 non
242 2428 275 2448 se
292 2419 413 2449 habere
432 2419 623 2448 immediate
643 2420 684 2448 ad
704 2419 836 2448 lucrum

89 2466 130 2495 ab
150 2465 304 2495 omnibus
324 2465 512 2501 intentata3
533 2465 569 2494 in
590 2465 755 2502 proposito
776 2467 834 2501 est,

87 2511 175 2541 hanc
195 2513 235 2541 de
255 2512 324 2541 suis
344 2512 516 2541 enucleare
537 2511 693 2548 latibulis,
710 2514 783 2540 tum
797 2514 837 2540 ut

881 826 1013 856 utiliter
1027 825 1153 854 mundo
1166 822 1370 859 pervigilem,
1386 823 1460 850 tum
1480 819 1582 849 etiam
1598 821 1638 848 ut

881 873 1028 909 palmam
1057 869 1147 900 tanti
1174 868 1280 898 bravii
1307 867 1436 904 primus
1464 865 1501 894 in
1527 874 1638 894 meam

881 917 1022 955 gloriam
1036 916 1208 951 adipiscar.
1251 913 1404 942 Arduum
1418 911 1538 947 quippe
1557 919 1639 945 opus
1655 915 1689 943 35

882 966 916 993 et
930 964 1021 993 ultra
1034 962 1120 992 vires
1133 959 1316 997 aggredior,
1332 967 1401 986 non
1421 960 1492 986 tam
1513 957 1553 985 de
1567 965 1639 992 pro-

882 1009 956 1046 pria
974 1009 1101 1038 virtute
1122 1006 1301 1041 confidens,
1324 1013 1424 1040 quam
1449 1003 1489 1030 de
1509 1001 1639 1031 lumine

884 1054 1067 1091 Largitoris
1086 1052 1187 1087 illius,
1205 1052 1212 1066 ⁴
1223 1050 1281 1086 qui
1301 1050 1360 1078 dat
1379 1048 1532 1077 omnibus
1547 1047 1639 1076 afflu-

884 1103 987 1137 enter,
1003 1101 1037 1128 et
1052 1107 1120 1127 non
1134 1095 1356 1132 improperat!

924 1145 978 1175 H.
1001 1144 1152 1173 Primum
1167 1142 1273 1178 igitur
1285 1140 1478 1175 videndum,
1495 1138 1575 1175 quid
1590 1140 1640 1167 est

885 1191 972 1226 quod
986 1187 1178 1225 temporalis
1193 1185 1389 1215 Monarchia
1407 1184 1543 1220 dicitur,
1559 1186 1639 1219 typo

886 1238 925 1265 ut
939 1235 1058 1271 dicam,
1074 1237 1107 1263 et
1122 1233 1306 1262 secundum
1319 1231 1550 1260 intentionem.
1580 1230 1640 1258 Est

885 1291 963 1318 ergo
977 1279 1170 1316 temporalis
1185 1277 1389 1313 Monarchia,
1406 1285 1506 1312 quam
1520 1275 1641 1304 dicunt

886 1326 1079 1363 Imperium,
1101 1324 1223 1354 unicus
1244 1322 1465 1358 Pfincipatus,
1489 1323 1522 1350 et
1542 1329 1641 1356 super
1656 1332 1674 1359 5

885 1381 1001 1400 omnes
1021 1371 1057 1399 in
1079 1372 1237 1405 tempore,
1251 1368 1305 1397 vel
1325 1367 1361 1395 in
1379 1367 1420 1396 iis
1439 1369 1473 1395 ot
1486 1375 1586 1402 super
1600 1365 1641 1394 iis

885 1427 970 1454 quae
1006 1419 1155 1452 tempore
1188 1415 1437 1442 mensurantur.
1495 1411 1640 1440 Maximo

885 1466 999 1492 aut-em
1020 1463 1060 1491 (lo
1079 1461 1143 1489 hac
1162 1459 1230 1488 tria
1247 1458 1403 1488 dubitata
1422 1458 1639 1494 quaeruntur.

885 1509 995 1538 Primo
1009 1516 1152 1543 namque
1166 1506 1340 1535 dubitatur
1352 1506 1386 1533 et
1399 1503 1581 1540 quaeritur,
1597 1511 1641 1531 an

885 1555 927 1583 ad.
951 1555 1034 1583 bene
1058 1562 1127 1582 esse
1150 1551 1270 1580 mundi
1290 1549 1476 1580 necessaria
1494 1549 1546 1579 sit.
1589 1549 1643 1577 Se·
1663 1559 1696 1578 10

885 1601 1004 1637 cundo,
1039 1609 1084 1628 an
1120 1599 1292 1628 Romanus
1323 1596 1465 1633 populus
1495 1596 1535 1624 de
1570 1595 1642 1624 iure

887 1645 1098 1675 Monarchiae
1119 1644 1265 1673 officium
1284 1642 1348 1671 sibi
1369 1641 1556 1671 adsciverit.
1598 1641 1643 1670 Et

885 1692 996 1728 tertio,
1019 1699 1063 1720 an
1085 1690 1268 1719 auctoritas
1290 1687 1503 1717 Monarchiae
1523 1687 1643 1723 depen-

886 1738 964 1767 deat
986 1746 1007 1766 a
1031 1738 1100 1766 Deo
1122 1734 1325 1772 immediate,
1347 1733 1402 1762 vel
1425 1733 1467 1762 ab
1490 1732 1556 1761 alio
1580 1731 1643 1761 Dei

887 1783 1043 1811 ministro
1056 1791 1115 1811 seu
1127 1780 1260 1811 vicario.
1662 1788 1692 1816 ¹5

927 1829 1052 1857 Verum
1075 1827 1154 1864 quia.
1179 1825 1288 1855 omnis
1310 1824 1442 1861 veritas,
1466 1832 1550 1860 quae
1574 1832 1642 1852 non

888 1875 937 1903 est
951 1873 1168 1910 principium,
1183 1881 1224 1900 ex
1237 1871 1378 1901 veritate
1397 1869 1539 1899 alicuius
1553 1868 1643 1905 prin-

887 1919 966 1955 cipii
976 1919 1016 1947 fit
1026 1918 1222 1954 manifesta;
1243 1925 1373 1946 necesse
1382 1918 1431 1945 est
1445 1915 1482 1944 in
1495 1914 1643 1951 qualibet

886 1964 1103 2001 inquisitione
1113 1964 1235 1992 habere
1246 1962 1403 1991 notitiam
1415 1962 1455 1990 de
1465 1959 1640 1997 principio,

887 2010 924 2038 in
939 2010 1027 2046 quod
1041 2009 1208 2045 analytice
1222 2009 1422 2043 recurratur,
1435 2015 1494 2042 pro
1507 2005 1642 2034 certitu·
1658 2014 1696 2033 21)

889 2057 966 2085 dine
993 2056 1144 2085 omnium
1178 2054 1439 2091 propositionum
1474 2061 1557 2089 quae
1591 2051 1643 2080 in-

889 2102 992 2130 ferius
1019 2102 1250 2131 adsumuntur.
1307 2100 1351 2128 Et
1379 2099 1457 2135 quin.
1487 2105 1644 2134 praesens

889 2149 1054 2176 tractatus
1080 2149 1130 2175 est
1156 2145 1332 2182 inquisitio
1359 2144 1533 2180 quaedam,
1561 2144 1643 2172 aute

888 2192 1003 2221 omnia
1023 2193 1063 2220 de
1083 2190 1250 2228 principio
1269 2190 1489 2218 scrutandum
1509 2197 1577 2217 esso
1599 2187 1644 2217 vi-

889 2238 997 2274 detur,
1019 2237 1057 2266 in
1082 2237 1176 2266 cuius
1196 2236 1323 2265 virtute
1343 2234 1504 2264 inferiora
1524 2233 1643 2263 consis-
1662 2237 1694 2265 25

888 2285 972 2313 tant.
995 2283 1086 2319 (III.)
1099 2283 1159 2311 Est
1170 2290 1247 2317 ergo
1256 2281 1439 2316 sciendum,
1451 2279 1537 2315 quod
1547 2287 1645 2314 quae-

888 2329 966 2357 dam
980 2330 1070 2364 sunt,
1086 2337 1169 2364 quae
1183 2328 1315 2355 nostrae
1329 2325 1486 2362 potestati
1504 2324 1643 2352 minime

887 2374 1104 2410 subimentia,
1129 2372 1292 2410 speculari
1316 2371 1549 2400 tantummodo
1572 2378 1643 2406 pos-

886 2429 1010 2456 sumus,
1027 2419 1155 2456 operari
1176 2421 1288 2448 autem
1309 2426 1389 2454 non,
1404 2417 1496 2445 velut
1515 2415 1643 2444 matho-

888 2466 1021 2502 matica,
1050 2465 1196 2501 physica,
1226 2466 1259 2492 et
1292 2463 1415 2492 divina.
1473 2462 1642 2496 Quaedam
1659 2469 1696 2495 30

889 2520 964 2540 vero
985 2513 1075 2547 sunt,
1097 2518 1181 2546 quae
1202 2510 1334 2538 nostrae
1358 2506 1517 2544 potestati
1537 2505 1644 2535 subia-
