1780 2820
489 107 561 145 DE
590 106 957 144 MONARCHIA:
992 106 1042 144 II.
1071 107 1165 144 CAP.
1192 119 1226 154 9.

79 222 210 251 cunctis
262 220 539 251 athletizantibus
588 229 648 256 pro
689 217 832 254 Imperio

78 267 198 296 mundi
210 267 413 303 praevaluit:
427 266 514 302 quod
529 265 592 295 erit
605 264 830 299 manifestum,

30 318 62 346 15
78 312 107 341 si
127 312 379 352 considerentur
392 311 549 348 athletae,
564 310 593 339 si
607 309 833 339 consideretur

79 360 112 386 et
121 358 273 387 bravium
284 357 352 387 sive
363 359 462 387 meta.
493 355 652 385 Bravium
662 354 730 383 sive
742 355 832 382 meta

78 403 154 440 fuit,
179 403 333 432 omnibus
352 410 498 439 praeesse
522 400 737 435 mortalibus;
767 399 832 427 hoc

79 449 170 477 enim
190 448 374 484 Imperium
395 447 545 476 dicimus.
589 446 653 475 Sed
667 445 730 473 hoc
744 444 832 473 nulli

79 493 220 530 contigit
244 493 310 522 nisi
332 494 482 523 Romano
510 491 650 528 populo:
681 490 738 519 hic
761 499 831 518 non

27 547 64 565 20
78 539 176 568 modo
198 539 335 575 primus,
361 538 444 575 quin
472 537 575 567 etiam
602 536 690 566 solus
717 535 832 572 attigit

77 586 204 614 metam
217 583 418 620 certaminis,
433 585 472 612 ut
485 582 602 612 statim
614 581 749 618 patebit.
807 619 811 623 .

117 629 249 659 Primus
269 637 413 664 namque
432 628 470 657 in
490 627 688 657 mortalibus
711 626 770 663 qui
788 626 832 654 ad

77 675 140 703 hoc
153 674 305 704 bravium
319 673 501 710 anhelavit,
518 673 626 701 Ninus
645 672 720 708 fuit,
736 671 832 707 Assy-

77 720 203 748 riorum
225 729 301 756 rex;
331 718 389 756 qui
410 718 562 756 quamvis
583 727 660 747 cum
681 718 832 746 consorte

28 767 62 795 25
76 764 169 794 thori
181 764 399 794 Semiramide
411 773 471 801 per
481 763 666 800 nonaginta
677 764 710 791 et
722 763 834 798 plures

77 818 184 840 annos
193 812 244 847 (ut
255 810 389 839 Orosius
397 809 512 845 refert)
522 809 704 844 Imperium
714 807 834 836 mundi

78 855 180 884 armis
189 855 380 892 tentaverit,
393 857 426 884 et
440 855 554 883 Asiam
567 856 674 883 totam
687 853 749 882 sibi
759 853 833 882 sub-

79 900 192 938 effirit,
220 909 289 930 non
315 903 431 930 tamen
459 899 682 928 occidentales
713 898 833 927 mundi

79 947 192 982 partes
221 946 268 976 eis
300 955 452 982 unquam
485 945 652 975 subiectae
685 944 831 974 fuerunt.

26 996 65 1024 30
81 992 209 1020 Horum
247 992 421 1021 amborum
461 990 599 1020 Ovidius
638 989 834 1019 memoriam

79 1037 162 1066 facit
182 1037 220 1066 in
241 1039 368 1074 quarto,
390 1037 448 1066 ubi
469 1037 552 1066 dicit
572 1036 609 1065 in
630 1036 789 1072 Pyramo:

101 1107 300 1136 ‘Coctilibus
333 1106 438 1136 muris
471 1106 611 1135 cinxisse
644 1104 837 1135 Semiramis

197 1152 314 1182 urbem
326 1152 346 1188 3’

80 1206 114 1233 et
127 1203 234 1232 infra:

102 1263 328 1293 ‘conveniant
348 1265 391 1293 ad
412 1264 510 1292 busta
530 1263 620 1300 Nini,
642 1263 836 1300 lateantque

199 1310 260 1338 sub
273 1310 414 1339 umbra.'

29 1378 64 1406 35
120 1373 301 1409 Secundus,
318 1373 458 1409 Vesoges
471 1382 529 1401 rex
543 1372 686 1408 Aegypti
707 1373 750 1400 ad
772 1372 835 1400 hoc

81 1418 233 1448 bravium
253 1418 409 1455 spiravit:
433 1421 467 1448 et
488 1418 639 1454 quamvis
661 1418 835 1447 Meridiem

80 1467 180 1501 atque
190 1465 458 1500 Septentrionem
470 1465 505 1493 in
517 1464 596 1493 Asia
607 1464 833 1501 exagitaverit,

80 1512 121 1540 ut
146 1509 279 1539 Orosius
305 1511 478 1547 memorat,
507 1518 685 1545 nunquam
720 1511 834 1538 tamen

82 1555 257 1584 dimidiam
282 1558 414 1592 partem
435 1555 523 1584 orbis
543 1555 711 1592 obtinuit;
740 1555 835 1591 quin—

26 1607 68 1637 4ο
81 1601 149 1630 imo
172 1609 193 1630 a
219 1601 360 1638 Scythis,
390 1601 481 1630 inter
507 1601 602 1638 quasi
625 1601 834 1631 athlothetas

82 1649 115 1676 et
135 1647 328 1684 terminum,
344 1648 386 1676 ab
403 1646 559 1683 incoepto
577 1655 636 1675 suo
656 1647 834 1677 temerario

80 1695 131 1723 est
144 1701 286 1724 aversus.

120 1739 249 1768 Deinde
273 1739 378 1774 cyrus
399 1748 458 1768 rex
484 1739 661 1768 Persarum
687 1739 834 1768 tentavit

81 1784 154 1821 hoc,
169 1785 235 1821 qui,
250 1783 418 1820 Babylone
432 1785 611 1821 destructa,
631 1784 834 1821 imperioque

27 1837 66 1865 45
82 1829 261 1866 Babylonis
274 1830 317 1858 ad
331 1829 445 1858 Persas
459 1830 632 1866 translato,
648 1839 709 1859 nec
723 1831 834 1859 adhuc

81 1878 194 1911 partes
217 1874 438 1903 occidentales
457 1876 621 1911 expertus,
642 1876 704 1903 sub
726 1875 835 1904 Tami-

82 1921 154 1949 ride
177 1920 296 1956 regina
321 1919 522 1955 Scytharum
546 1920 652 1948 vitam
675 1920 777 1949 simul
801 1923 834 1949 et

81 1966 306 1994 intentionem
319 1965 476 2001 deposuit.

123 2012 200 2040 Post
224 2011 286 2040 hos
307 2019 387 2040 vero
413 2011 540 2039 Xerxes
563 2010 659 2039 Darii
683 2010 774 2040 filius
801 2014 834 2040 et

29 2067 68 2093 50
82 2066 141 2086 rex
165 2057 201 2086 in
223 2056 328 2086 Persis
354 2065 432 2085 cum
453 2058 551 2084 tanta
571 2056 726 2092 gentium
749 2058 834 2086 mul-

82 2102 231 2132 titudine
263 2102 428 2131 mundum
461 2101 595 2138 invasit,
625 2110 702 2130 cum
736 2105 835 2132 tanta

82 2148 243 2184 potentia,
264 2149 305 2176 ut
330 2147 512 2176 transitum
535 2147 637 2176 maris
657 2148 772 2177 Asiam
792 2149 834 2177 ab

84 2193 215 2230 Europa
235 2193 434 2229 dirimentis,
450 2192 539 2221 inter
559 2193 676 2221 Seston
695 2194 728 2221 et
749 2194 834 2229 Aby-

85 2239 160 2276 don,
174 2240 276 2275 ponte
289 2238 501 2273 superaverit.
544 2237 644 2267 Cuius
658 2238 764 2274 operis
778 2240 834 2268 ad-

33 2290 67 2318 55
84 2283 247 2314 mirabilis
261 2284 415 2312 Lucanus
434 2283 469 2312 in
487 2285 630 2312 seeundo
645 2284 834 2314 Pharsaliae

83 2339 213 2360 memor
223 2330 297 2360 fuit.
340 2329 438 2358 Canit
452 2330 543 2358 enim
557 2329 603 2358 ibi
617 2330 678 2360 sic:

106 2404 212 2434 ‘Talis
238 2404 327 2432 sama
350 2403 443 2432 canit
467 2404 634 2434 tumidum
661 2414 760 2442 super
783 2415 835 2436 ae-

202 2458 306 2486 quora
317 2450 459 2479 Xerxem

125 2496 352 2525 Construxisse
363 2496 432 2525 vias
444 2497 467 2532 ;'

1569 117 1641 153 359

884 220 918 246 et
942 218 1080 246 tandem
1100 217 1336 247 miserabiliter
1357 218 1398 246 ab
1418 217 1571 253 incoepto
1592 226 1641 246 re-

884 262 1007 299 pulsus,
1023 263 1067 291 ad
1080 262 1233 291 bravium
1246 262 1418 298 pervenire
1432 270 1501 290 non
1520 261 1638 297 potuit.
1659 260 1698 288 60

924 308 1060 336 Praeter
1091 307 1171 336 istos
1199 309 1232 335 et
1258 310 1341 344 post,
1367 307 1559 336 Alexander
1582 316 1641 336 rex

885 354 1021 381 Macedo
1054 352 1198 381 maxime
1233 353 1383 380 omnium
1417 353 1460 381 ad
1493 352 1642 388 palmam

885 398 1096 427 Monarchiae
1115 398 1351 434 propinquans,
1374 398 1455 426 dum
1475 406 1535 434 per
1554 397 1641 433 lega-

883 446 934 472 tos
948 444 991 471 ad
1005 443 1209 472 deditionem
1223 443 1389 471 Romanos
1399 445 1638 479 praemoneret,

883 489 972 524 apud
998 489 1197 524 Aegyptum,
1226 490 1305 517 ante
1334 489 1561 516 Romanorum
1591 497 1640 516 re·
1655 489 1692 523 65

883 533 1102 570 sponsionem,
1129 535 1167 561 ut
1191 532 1303 562 Livius
1324 534 1450 569 narrat,
1473 533 1510 562 in
1530 533 1640 562 medio

884 578 978 615 quasi
1012 587 1111 607 cursu
1145 578 1308 613 collapsus
1343 580 1401 608 est.
1463 579 1512 607 De
1547 578 1642 606 cuius

884 624 986 653 etiam
1007 624 1180 660 sepultura
1202 623 1327 653 ibidem
1351 624 1515 652 existente
1538 623 1641 652 Luca-

884 679 957 707 nus,
974 670 1011 698 in
1031 671 1156 706 octavo,
1171 669 1336 698 invehens
1355 669 1393 698 in
1414 669 1641 698 Ptolemaeum

884 725 995 752 regem
1021 715 1172 752 Aegypti,
1196 715 1428 745 testimonium
1455 715 1567 744 reddit
1595 715 1642 744 di·
1659 722 1695 749 70

885 769 980 790 cens:

908 828 1056 857 ‘Ultima
1099 828 1225 864 Lageae
1271 828 1384 864 stirpis
1428 828 1641 865 perituraque

1004 874 1112 909 proles

925 919 1084 955 Degener,
1091 918 1237 947 incestae
1246 918 1384 954 sceptris
1393 927 1521 947 cessure
1527 917 1640 954 sorori,

926 964 1036 998 Quum
1056 965 1118 993 tibi
1132 966 1261 994 sacrato
1281 965 1417 993 Macedo
1437 966 1587 993 servetur
1606 964 1643 992 in

1005 1012 1122 1041 antro)
1631 1010 1633 1013 ’

929 1086 974 1115 ‘0
999 1086 1144 1116 altitudo
1171 1087 1367 1116 divitiarum
1398 1085 1581 1122 sapientiae
1609 1087 1642 1114 et
1661 1091 1693 1120 75

888 1132 1046 1161 scientiae
1073 1133 1153 1169 Dei,’
1181 1132 1254 1168 quis
1288 1132 1344 1160 hic
1371 1134 1404 1160 te
1431 1141 1500 1160 non
1535 1131 1644 1160 obstu-

888 1187 1018 1214 pescere
1031 1179 1154 1215 poterit
1165 1180 1178 1207 ?
1208 1179 1295 1216 Nam
1310 1180 1490 1207 conantem
1500 1178 1643 1206 Alexan-

888 1225 986 1253 drum
1012 1224 1202 1260 praepedire
1238 1224 1275 1252 in
1309 1233 1408 1253 cursu
1441 1223 1643 1252 coathletam

889 1271 1086 1307 Romanum,
1101 1272 1150 1307 tu,
1166 1279 1208 1299 ne
1229 1279 1288 1299 sua
1307 1269 1478 1299 temeritas
1495 1268 1644 1305 prodiret

887 1315 1037 1352 ulterius,
1054 1316 1094 1344 de
1109 1315 1291 1345 certamine
1306 1315 1454 1351 rapuisti.
1660 1315 1698 1341 80

926 1362 991 1390 Sed
1016 1363 1103 1398 quod
1126 1362 1232 1390 Roma
1254 1362 1402 1397 palmam
1424 1361 1512 1389 tanti
1535 1360 1643 1390 bravii

887 1407 932 1436 sit
965 1408 1094 1443 adepta,
1131 1407 1248 1435 multis
1282 1406 1516 1442 comprobatur
1551 1406 1643 1435 testi-

887 1453 1007 1482 moniis
1019 1463 1025 1489 3
1048 1453 1096 1482 ait
1110 1453 1200 1481 enim
1215 1453 1315 1481 Poeta
1330 1453 1442 1480 noster
1455 1452 1491 1480 in
1506 1452 1629 1487 primo:

909 1528 916 1542 ‘
929 1527 1024 1556 Certe
1045 1527 1126 1555 hinc
1149 1527 1315 1555 Romanos
1334 1526 1413 1554 olim
1433 1525 1642 1555 volventibus

1004 1573 1113 1610 annis,

926 1617 1017 1646 Hinc
1027 1618 1096 1647 fore
1110 1619 1271 1654 ductores,
1287 1619 1439 1646 revocato
1449 1617 1642 1653 asanguine
1660 1619 1694 1655 85

1005 1664 1131 1700 Teucri,

927 1709 990 1742 Qui
1025 1718 1125 1746 mare,
1162 1710 1219 1745 qui
1255 1711 1361 1738 terras
1395 1709 1488 1737 omni
1515 1708 1642 1738 ditione

1004 1756 1179 1784 tenerent.'

887 1817 930 1844 Et
944 1817 1099 1845 Lucanus
1112 1817 1148 1845 in
1162 1817 1284 1853 primo:

908 1888 1097 1917 ‘Dividitur
1116 1889 1204 1917 ferro
1225 1898 1374 1925 regnum,
1390 1889 1568 1925 populique
1587 1898 1642 1926 po·

1003 1934 1107 1963 tentis

927 1980 1016 2013 Quae
1043 1988 1145 2016 mare,
1169 1989 1253 2015 quae
1281 1982 1395 2016 terras,
1423 1989 1507 2016 quae
1531 1983 1641 2010 totum

1003 2025 1147 2061 possidet
1161 2026 1281 2062 orbem,

926 2071 1001 2099 Non
1015 2071 1103 2106 cepit
1117 2070 1253 2099 fortuna
1268 2072 1369 2101 duos.’
1658 2083 1697 2111 90

887 2146 929 2173 Et
957 2145 1115 2174 Boethius
1142 2145 1178 2174 in
1209 2147 1360 2183 secundo,
1386 2156 1488 2183 quum
1513 2148 1553 2175 de
1578 2147 1640 2175 Ro-

885 2199 1062 2220 manorum
1075 2191 1223 2226 principe
1238 2191 1436 2228 loqueretur,
1449 2192 1495 2221 sic
1511 2192 1622 2228 inquit
1634 2203 1640 2221 :

921 2270 1002 2299 ‘Hic
1016 2272 1129 2299 tamen
1143 2272 1272 2307 sceptro
1285 2271 1421 2307 populos
1436 2273 1569 2308 regebat

940 2316 1027 2350 Quos
1040 2316 1131 2345 videt
1145 2317 1290 2345 condens
1304 2317 1413 2346 radios
1426 2318 1487 2346 sub
1500 2319 1608 2347 undas

940 2361 1089 2390 Phoebus
1102 2363 1250 2391 extremo
1262 2362 1399 2391 veniens
1412 2364 1452 2392 ab
1468 2366 1552 2400 ortu,
1657 2374 1693 2403 95

940 2406 1027 2440 Quos
1041 2409 1197 2443 premunt
1211 2410 1336 2443 septem
1350 2408 1451 2444 gelidi
1465 2409 1599 2445 triones,

941 2452 1027 2486 Quos
1041 2455 1140 2481 notus
1153 2452 1238 2481 sicco
1252 2453 1416 2483 violentus
1431 2457 1524 2483 aestu

939 2498 1062 2534 Torret,
1078 2499 1232 2527 ardentes
1246 2507 1423 2535 recoquens
1436 2501 1574 2529 arenas!
