1780 2820
435 159 507 195 DE
536 156 904 195 MONARCHIA:
943 157 971 196 Ι.
998 158 1092 195 CAP.
1122 171 1176 206 14,
1197 169 1251 205 15.

14 282 48 310 25
63 274 150 311 quod
174 272 304 310 longior
327 273 377 301 est
400 271 455 300 via
478 271 520 300 ab
542 270 571 299 A
594 279 654 306 per
677 270 704 298 Β
724 269 761 298 in
783 269 815 305 G,

63 328 164 357 quam
177 319 219 348 ab
234 319 263 348 A
275 320 411 347 tantum
424 317 462 346 in
477 317 510 346 C.
550 316 615 345 Sed
628 315 817 344 humanum

61 373 167 402 genus
190 365 298 400 potest
321 362 390 399 regi
413 371 473 398 per
495 370 602 390 unum
626 368 817 396 supremum

62 409 256 446 principem,
271 409 329 445 qui
342 410 392 437 est
407 406 598 437 Monarcha.

102 456 242 492 Propter
260 455 346 491 quod
365 453 609 482 advertendum
629 459 710 480 sane
730 451 817 487 quod

9 511 47 538 30
61 509 166 538 quum
192 499 325 535 dicitur,
353 493 541 527 humanum
572 504 677 534 genus
710 498 817 532 potest

61 546 132 583 regi
144 554 203 582 per
215 553 322 574 unum
335 552 526 580 supremum
538 541 735 578 Principem,
748 550 816 570 non

59 592 108 621 sic
126 591 382 628 intelligendum
401 591 459 626 est,
475 590 514 617 ut
532 588 675 617 minima
692 587 818 617 iudicia

61 637 297 672 cuiuscumque
320 633 496 670 municipii
520 634 562 662 ab
583 633 643 662 illo
665 641 734 661 uno
756 632 816 661 im-

59 681 204 711 mediate
235 680 367 717 prodire
396 679 541 716 possint;
576 687 680 715 quum
713 678 815 707 etiam

9 733 44 763 35
58 727 146 764 leges
159 725 377 762 municipales
390 726 586 762 quandoque
600 723 767 761 deficiant,
783 726 816 753 et

59 780 140 808 opus
171 771 319 800 habeant
353 770 523 806 directivo,
558 771 598 798 ut
631 772 725 806 patet
756 779 815 806 per

59 817 295 854 Philosophum
312 815 350 844 in
364 815 483 852 quinto
501 817 545 844 ad
564 815 813 852 Nicomachum,

56 861 235 900 epiiohiam
244 862 543 891 commendantem.
578 861 713 890 Habent
722 870 815 890 nam-

58 918 123 946 que
141 909 303 945 nationes,
319 917 424 945 regna
445 910 478 937 et
497 908 650 936 civitates
672 906 762 936 inter
780 916 814 936 se

3 962 45 991 4ο
58 954 283 991 proprietates,
312 962 394 990 quas
426 953 554 990 legibus
583 952 815 981 differentibus

58 999 204 1036 regulari
228 1001 365 1036 oportet.
415 999 476 1028 Est
503 998 594 1028 em'm
620 998 674 1027 lex
700 999 815 1035 regula

59 1045 222 1074 directiva
247 1044 344 1074 vitae.
387 1043 496 1073 Aliter
521 1044 643 1080 quippe
669 1044 815 1080 regulari

59 1092 189 1126 oportet
198 1090 347 1127 Scythas,
358 1090 415 1126 qui
424 1092 520 1119 extra
526 1090 706 1125 septimum
715 1089 816 1118 clima

58 1135 218 1172 viventes,
235 1138 269 1165 et
287 1144 446 1172 magnam
465 1135 595 1164 dierum
612 1137 646 1164 et
665 1135 814 1164 noctium

6 1187 44 1216 45
58 1180 335 1218 inaequalitatem
388 1181 564 1218 patientes,
612 1181 814 1210 intolerabili

59 1227 154 1264 quasi
167 1227 278 1263 algore
292 1226 425 1263 frigoris
443 1228 653 1263 premuntur,
670 1228 703 1255 et
717 1226 815 1255 aliter

59 1274 290 1310 Garamantes,
313 1273 370 1310 qui
386 1274 447 1302 sub
469 1272 706 1309 aequinoctiali
723 1272 815 1301 habi—

58 1320 180 1355 tantes,
191 1320 225 1347 et
239 1321 453 1355 coaequatam
466 1327 595 1354 semper
604 1318 714 1347 lucem
725 1318 815 1347 diur-

59 1373 140 1392 nam
160 1364 268 1394 noctis
287 1364 435 1394 tenebris
454 1364 623 1400 habentes,
644 1364 685 1393 ob
705 1365 816 1393 aestus

7 1417 46 1445 50
60 1410 146 1438 aeris
158 1409 369 1439 nimietatem
382 1409 589 1439 vestimentis
606 1409 727 1446 operiri
747 1418 815 1438 non

59 1457 205 1491 possunt.
247 1456 311 1485 Sed
335 1455 383 1484 sic
407 1455 665 1491 intelligendum
692 1457 751 1491 est,
777 1455 816 1483 ut

59 1500 247 1530 humanum
281 1509 385 1538 genus
403 1497 602 1529 ‘secundum
635 1508 697 1528 sua
729 1509 816 1528 com-

59 1545 184 1583 munia,
207 1555 291 1582 quae
312 1545 466 1574 omnibus
486 1547 690 1582 competunt,
712 1545 754 1574 ab
779 1554 816 1574 eo

58 1593 202 1628 regatur,
224 1593 258 1620 et
278 1590 449 1620 communi
472 1591 588 1627 regula
611 1591 816 1627 gubernetur

8 1646 44 1675 55
58 1637 102 1666 ad
120 1645 244 1673 pacem.
287 1637 394 1671 Quam
412 1637 549 1672 quidem
567 1637 726 1673 regulam,
747 1637 815 1666 sive

58 1681 174 1719 legem,
194 1682 412 1719 particulares
432 1682 598 1719 principes
617 1683 659 1711 ab
677 1691 715 1711 eo
735 1682 815 1711 reci-

58 1737 135 1764 pere
160 1729 292 1764 debent,
312 1730 486 1764 tamquam
508 1728 700 1757 intellectus
723 1737 816 1764 prac-

58 1773 146 1803 ticus
158 1774 201 1803 ad
214 1773 460 1803 conclusionem
474 1773 679 1810 operativam
696 1773 816 1809 recipit

58 1818 217 1847 maiorem
257 1818 516 1856 propositionem
555 1819 598 1847 ab
641 1818 816 1848 intellectu

2 1862 42 1889 60
58 1863 271 1900 speculativo,
283 1865 317 1892 et
327 1863 388 1892 sub
399 1863 460 1892 illa
471 1862 719 1899 particularem,
732 1872 816 1899 quae

59 1909 191 1945 proprie
205 1917 265 1937 sua
275 1911 334 1944 est,
349 1909 506 1944 adsumit,
521 1910 555 1937 et
568 1908 817 1944 particulariter

59 1954 104 1983 ad
127 1954 352 1990 operationem
372 1953 551 1983 concludit.
593 1953 638 1982 Et
660 1953 724 1982 hoc
746 1962 815 1982 non

60 1999 169 2029 solum
192 1999 347 2035 possibile
366 2002 416 2029 est
439 1999 510 2035 uni,
530 2000 588 2028 sed
612 2008 743 2029 necesse
767 2002 817 2029 est

60 2045 103 2074 ab
123 2054 191 2074 uno
211 2045 395 2081 procedere,
417 2046 456 2074 ut
476 2045 585 2074 omnis
604 2045 754 2074 confusio
775 2046 816 2075 de

8 2090 45 2124 65
61 2090 234 2127 principiis
257 2090 498 2119 universalibus
521 2091 704 2120 auferatur.
746 2091 817 2120 Hoc

61 2135 300 2165 etiamfactum
309 2135 409 2165 fuisse
418 2145 476 2172 per
484 2136 602 2172 ipsum,
610 2136 679 2172 ipse
690 2137 818 2172 Moyses

62 2180 99 2210 in
113 2181 183 2218 lege
193 2180 389 2210 conscribit:
402 2180 459 2217 qui
469 2181 655 2217 adsumptis
668 2182 818 2218 primati-

61 2226 122 2255 bus
129 2226 170 2254 de
176 2225 328 2254 tribubus
336 2226 483 2255 filiorum
489 2226 601 2263 Israel,
607 2226 654 2255 eis
660 2226 818 2256 inferiora

62 2270 187 2300 iudicia
205 2270 422 2308 relinquebat,
437 2271 607 2308 superiora
621 2274 656 2301 et
672 2281 818 2301 commu-

10 2325 46 2353 70
64 2315 159 2345 niora
177 2314 240 2345 sibi
258 2315 320 2344 soli
338 2323 519 2352 reservans,
535 2317 655 2353 quibus
674 2326 818 2347 commu-

62 2360 212 2390 nioribus
235 2360 418 2390 utebantur
438 2361 599 2398 primates
625 2371 684 2398 per
711 2362 818 2391 tribus

63 2414 149 2443 suas,
178 2407 361 2435 secundum
388 2406 475 2443 quod
503 2406 682 2444 unicuique
714 2407 818 2436 tribui

62 2451 278 2487 competebat.

102 2496 190 2532 Ergo
210 2496 330 2525 melius
353 2499 402 2526 est
425 2496 613 2526 humanum
633 2506 736 2534 genus
760 2507 819 2534 per

11 2547 44 2577 75
62 2550 170 2571 unum
193 2541 272 2579 regi,
296 2550 397 2578 quam
421 2551 479 2579 per
501 2543 606 2580 plura,
633 2545 667 2572 et
691 2543 738 2572 sic
761 2552 820 2580 per

1556 169 1628 205 349

871 269 1097 306 Monarcham,
1113 269 1171 306 qui
1189 269 1310 298 unicus
1329 272 1378 298 est
1396 269 1567 306 princeps;
1594 271 1628 298 et

870 315 898 344 si
917 315 1045 351 melius,
1068 316 1136 344 Deo
1155 315 1399 351 acceptabilius,
1416 324 1519 351 quum
1539 315 1627 344 Deus

869 369 998 397 semper
1016 361 1097 389 velit
1116 361 1203 397 quod
1223 361 1342 389 melius
1361 363 1418 390 est.
1462 361 1506 389 Et
1523 370 1626 396 quum

870 407 1011 434 duorum
1031 408 1167 435 tantum
1187 406 1276 434 inter
1294 415 1328 434 se
1342 406 1431 434 idem
1445 406 1488 434 sit
1507 406 1626 435 melius

871 454 905 480 ct
927 451 1103 488 optimum,
1125 460 1329 487 consequens
1353 452 1403 479 est
1426 460 1494 479 non
1518 452 1626 480 solum
1643 453 1681 478 80

869 498 938 526 Deo
970 506 1039 526 esse
1072 497 1307 533 acceptabilius
1337 497 1408 533 hoc,
1441 497 1530 526 inter
1562 497 1625 526 hoc

869 552 967 571 unum
998 545 1032 572 et
1061 543 1144 572 haec
1171 543 1283 578 plura,
1315 543 1372 571 sed
1403 543 1625 578 acceptabilis-

868 588 999 618 simum.
1035 589 1132 618 Unde
1146 588 1305 624 sequitur,
1321 587 1508 616 humanum
1522 597 1625 624 genus

867 634 992 670 optime
1010 643 1044 664 se
1063 635 1195 670 habere,
1215 643 1319 670 quum
1337 634 1379 662 ab
1398 643 1466 662 uno
1485 633 1621 670 regitur.

868 680 912 708 Et
935 680 983 709 sic
1007 681 1050 709 ad
1075 681 1159 709 bene
1183 689 1251 709 esse
1273 679 1394 708 mundi
1418 688 1550 708 necesse
1575 682 1624 709 est
1641 683 1676 715 85

868 725 1098 755 Monarchiam
1112 735 1188 755 esse.

906 770 988 801 XV.
1009 772 1140 807 (XVII.)
1160 772 1248 800 Item
1275 771 1358 807 dico,
1387 771 1475 807 quod
1505 779 1564 799 ens
1591 773 1625 800 et

866 825 974 845 unum
983 819 1016 846 et
1024 818 1149 846 bonum
1159 817 1326 854 gradatim
1335 825 1369 845 se
1377 816 1503 846 habent
1512 825 1625 845 seeun-

867 863 948 891 dum
979 863 1139 899 quintum
1167 863 1304 891 modum
1333 861 1467 891 dicendi
1499 862 1624 898 ‘prius'

867 908 936 936 Ens
950 908 1041 937 enim
1055 910 1179 937 natura
1197 907 1367 944 praecedit
1386 917 1502 944 unum,
1517 917 1624 936 unum

866 963 944 982 vero
963 954 1104 989 bonum;
1128 953 1274 982 maxime
1295 953 1385 982 enim
1405 961 1464 982 ens
1481 953 1624 982 maxime
1641 958 1659 986 5

867 1001 916 1028 est
933 1009 1050 1035 unum,
1071 1001 1104 1028 et
1125 999 1269 1028 maxime
1287 1008 1395 1027 unum
1413 1000 1463 1028 est
1481 999 1624 1028 maxime

867 1045 999 1075 bonum,
1049 1045 1094 1074 Et
1121 1047 1247 1081 quanto
1274 1044 1401 1080 aliquid
1433 1053 1454 1072 a
1479 1044 1624 1073 maximo

867 1093 944 1120 ente
968 1091 1151 1127 elongatur,
1173 1092 1271 1119 tanto
1295 1092 1328 1119 et
1351 1091 1392 1118 ab
1416 1099 1484 1119 esse
1506 1099 1622 1127 unum,

867 1138 900 1164 et
914 1146 972 1172 per
982 1145 1184 1172 consequens
1197 1137 1239 1164 ab
1250 1145 1318 1165 esse
1328 1136 1460 1165 bonum.
1487 1136 1625 1172 Propter

867 1182 953 1218 quod
988 1182 1024 1210 in
1051 1181 1142 1210 omni
1173 1191 1292 1218 genere
1319 1190 1431 1210 rerum
1458 1180 1542 1210 illud.
1575 1183 1624 1210 est
1645 1191 1677 1208 ιω

867 1227 1040 1263 optimum,
1070 1228 1157 1264 quod
1189 1228 1239 1256 est
1269 1227 1414 1255 maxime
1439 1235 1555 1263 unum,
1585 1229 1624 1255 ut

868 1273 1065 1309 l'hilosopho
1074 1273 1181 1309 placet
1190 1272 1226 1300 in
1236 1272 1276 1301 iis
1287 1282 1370 1308 quae
1380 1273 1420 1300 de
1429 1272 1625 1308 simpliciter

869 1319 964 1348 Erite.
1006 1319 1102 1347 Unde
1117 1319 1156 1347 fit
1175 1318 1262 1354 quod
1282 1327 1389 1346 unum
1409 1326 1478 1346 esse
1491 1317 1624 1347 videtur

868 1374 936 1393 csse
955 1365 1050 1393 radix
1070 1364 1142 1393 eius
1162 1364 1250 1400 quod
1270 1365 1319 1392 est
1338 1372 1406 1392 esse
1425 1364 1567 1400 bonum;
1590 1366 1624 1393 et

868 1410 976 1439 multa
999 1419 1076 1446 esse,
1102 1410 1173 1439 eius
1196 1409 1283 1445 quod
1311 1410 1360 1437 est
1390 1417 1458 1437 esse
1485 1409 1621 1439 malum.
1645 1419 1674 1446 ¹5

869 1455 976 1489 Quare
990 1455 1196 1490 Pythagoras
1208 1454 1244 1482 in
1259 1453 1531 1482 correlationibus
1545 1454 1622 1490 suis,

868 1509 907 1529 ex
932 1502 1027 1536 parte
1051 1499 1130 1528 boni
1153 1500 1297 1536 ponebat
1320 1508 1436 1535 unum,
1462 1508 1502 1528 ex
1528 1502 1623 1535 parte

867 1555 945 1575 vero
957 1546 1039 1574 mali
1055 1546 1162 1581 plura,
1178 1546 1216 1574 ut
1230 1547 1322 1581 patet
1337 1544 1373 1573 in
1386 1545 1493 1580 primo
1509 1554 1624 1574 eorum

867 1601 951 1628 quae
975 1592 1016 1620 de
1040 1591 1237 1628 simpliciter
1262 1591 1358 1620 Ente.
1401 1591 1490 1620 Hinc
1517 1591 1624 1621 videri

867 1639 974 1674 potest
993 1638 1079 1674 quod
1094 1646 1228 1673 peccare
1243 1636 1331 1664 nihil
1345 1638 1395 1665 est
1413 1636 1506 1665 aliud
1522 1646 1623 1673 quam
1642 1646 1679 1663 πυ

867 1683 1021 1720 progredi
1041 1683 1082 1711 ab
1103 1692 1171 1711 uno
1190 1684 1300 1718 spreto
1321 1683 1364 1710 ad
1384 1682 1510 1718 multa3
1536 1684 1623 1719 quod

867 1729 1001 1765 quidem
1029 1728 1206 1756 Psalmista
1233 1727 1376 1764 videbat,
1406 1728 1540 1757 dicens:
1576 1729 1623 1758 ‘A

867 1774 980 1803 fructu
994 1773 1166 1810 frumenti,
1182 1772 1253 1802 vini
1272 1775 1306 1802 et
1324 1773 1387 1802 olei
1408 1774 1624 1810 multiplicati

867 1820 967 1849 sunt!

908 1865 1047 1893 Constat
1074 1864 1185 1900 igitur,
1215 1864 1300 1900 quod
1328 1873 1426 1893 omne
1454 1866 1542 1900 quod.
1573 1868 1624 1895 est
1642 1874 1674 1900 25

867 1910 1002 1945 bonum,
1018 1919 1077 1946 per
1096 1909 1158 1938 hoc
1176 1911 1226 1938 est
1246 1910 1380 1945 bonum,
1398 1911 1485 1946 quod
1505 1910 1540 1940 in
1555 1921 1624 1941 uno

868 1955 1030 1985 consistit.
1057 1955 1101 1983 Et
1108 1963 1211 1991 qutun
1221 1955 1406 1991 concordia,
1415 1955 1451 1983 in
1458 1958 1623 1992 quantum

868 1999 1068 2036 huiusmodi,
1094 2002 1144 2028 est
1169 2000 1334 2035 quoddam
1358 2000 1492 2036 bonum,
1517 2002 1624 2030 mani-

868 2045 991 2075 festum
1018 2047 1069 2074 est
1100 2045 1206 2081 ipsam
1233 2045 1414 2075 consistere
1446 2045 1484 2075 in
1512 2047 1623 2084 aliquo

868 2100 945 2127 uno,
966 2092 1139 2127 tamquam
1158 2090 1195 2119 in
1215 2091 1349 2127 propria
1370 2091 1489 2122 radice.
1533 2093 1622 2127 Quae
1639 2103 1675 2129 30

869 2136 1003 2172 quidem
1029 2136 1125 2165 radix
1152 2135 1334 2172 apparebit,
1363 2136 1392 2165 si
1422 2139 1546 2167 natura
1570 2139 1623 2167 vel

869 2180 955 2210 ratio
987 2181 1183 2210 concordiae
1216 2183 1378 2212 sumatur.
1435 2182 1495 2212 Est
1532 2184 1623 2213 enim

870 2226 1048 2255 concordia
1096 2225 1274 2255 uniformis
1319 2229 1430 2256 motus
1474 2229 1623 2264 plurium

869 2271 1102 2308 voluntatum3
1142 2271 1179 2300 in
1217 2281 1284 2308 qua
1321 2273 1456 2309 quidem
1495 2275 1624 2304 ratione

869 2318 1016 2353 apparet,
1037 2317 1203 2346 unitatem
1222 2317 1445 2354 voluntatum,
1463 2328 1547 2356 quae
1566 2329 1625 2356 per
1641 2327 1675 2353 35

871 2362 1072 2391 uniformem
1096 2364 1225 2391 motum
1249 2363 1350 2392 datur
1374 2363 1527 2402 intelligi,
1549 2374 1625 2394 oon-

870 2407 1002 2437 cordiae
1026 2407 1171 2436 radicem
1196 2416 1273 2444 esse,
1296 2409 1349 2438 vel
1368 2409 1474 2445 ipsam
1494 2419 1626 2440 concor-

870 2452 969 2482 diam.
1006 2452 1092 2481 Nam
1101 2452 1187 2482 sicut
1198 2453 1309 2490 plures
1320 2454 1431 2490 glebas
1441 2455 1626 2485 diceremus

870 2499 1057 2534 concordes,
1076 2499 1210 2534 propter
1230 2499 1491 2530 condescendere
1511 2510 1626 2531 omnes

869 2544 912 2572 ad
937 2543 1094 2580 medium,
1121 2546 1154 2572 et
1178 2544 1290 2580 plures
1314 2544 1465 2574 flammas
1491 2550 1625 2582 propter
1641 2555 1682 2582 40
