1780 2820
486 150 558 187 DE
586 149 952 188 MONARCHIA:
991 150 1019 187 1.
1047 150 1140 188 CAP.
1165 162 1246 198 3-5.

82 264 125 294 iis
159 273 242 300 quae
279 264 319 292 de
357 262 488 292 Anima.
544 261 698 291 Potentia
736 261 838 290 etiam

84 309 300 345 intellectiva,
327 309 367 338 de
391 317 458 345 qua
483 308 608 343 loquor,
635 316 703 335 non
730 307 838 336 solum

28 356 67 383 80
83 357 133 384 est
157 355 199 383 ad
224 354 346 383 formas
372 353 584 389 universales,
609 353 678 382 sive
703 352 836 389 species,

82 401 140 430 sed
161 399 262 429 etiam
282 409 341 436 per
361 399 531 435 quandam
551 397 777 426 extensionem
794 398 837 426 ad

82 445 308 482 particulares.
370 444 466 473 Unde
508 443 591 472 solet
632 442 707 478 dici,
749 443 837 478 quod

82 490 274 520 intellectus
306 489 528 526 speculativas
567 487 758 517 extensione
797 488 836 516 fit

81 534 255 572 practicus,
290 534 385 564 cuius
414 533 492 562 finis
525 534 575 561 est
606 541 702 569 agere
735 534 836 568 atque

27 580 64 614 85
80 581 196 611 facere.
239 581 332 615 Quod
351 579 425 609 dico
443 581 579 616 propter
591 578 736 615 agibilia,
752 587 835 614 quae

79 626 216 662 politica
233 625 413 662 prudentia
426 625 632 661 regulantur,
648 626 681 653 et
700 627 835 661 propter

79 671 251 708 sactibilia,
280 680 364 708 quae
396 671 595 707 regulantur
626 671 715 706 arte;
751 679 834 706 quae

78 717 194 746 omnia
210 716 429 754 speculationi
447 716 654 745 ancillantur
671 718 835 752 tanquam

79 763 214 800 optime,
229 763 273 792 ad
291 763 378 799 quod
397 762 585 791 humanum
603 770 708 798 genus
726 761 835 797 prima

25 817 64 845 9⁰
78 808 208 838 bonitas
221 808 259 836 in
272 817 342 837 esse
355 807 520 844 produxit.
561 808 611 836 Ex
625 816 689 843 quo
702 806 771 835 iam
785 807 835 835 in-

79 853 222 884 notescit
231 853 316 882 illud
327 853 484 882 Politicae
498 864 505 882 :
519 852 696 882 intellectu
707 852 835 882 scilicet

78 899 227 936 vigentes
239 899 314 928 aliis
327 899 530 928 naturaliter
541 898 732 935 principari.

117 943 186 975 1v.
206 946 269 981 (V.)
295 945 383 974 Satis
408 945 513 982 igitur
539 945 746 973 declaratum
773 945 832 980 est,

79 990 167 1026 quod
185 990 356 1026 proprium
376 998 458 1026 opus
476 989 619 1018 humani
639 989 768 1025 generis
786 991 835 1018 to-

78 1035 193 1065 taliter
206 1035 343 1073 accepti,
358 1038 408 1064 est
424 1038 560 1064 actuare
581 1043 710 1071 semper
727 1036 834 1063 totam

78 1081 264 1117 potentiam
277 1081 468 1110 intellectus
483 1080 655 1117 possibilis,
670 1089 730 1116 per
741 1080 835 1116 prius

46 1135 65 1163 5
79 1127 123 1156 ad
144 1127 394 1163 speculandum,
420 1128 454 1155 et
479 1125 678 1155 secundario
701 1127 835 1162 propter

78 1172 142 1202 1100
153 1173 196 1201 ad
206 1173 410 1209 operandum
420 1180 480 1208 per
490 1179 584 1201 suam
595 1171 832 1201 extensionem.

79 1218 123 1246 Et
142 1218 221 1254 quia
241 1217 520 1253 quemadmodum
538 1218 588 1245 est
606 1216 643 1245 in
662 1218 765 1252 parte,
787 1216 834 1245 sic

80 1264 130 1292 est
162 1262 199 1291 in
228 1265 308 1299 toto,
337 1265 371 1291 et
402 1262 439 1291 in
471 1262 607 1290 homine
637 1262 835 1298 particulari

80 1307 248 1344 contingit
281 1308 369 1344 quod
401 1307 544 1337 sedendo
572 1308 606 1336 et
637 1307 834 1343 quiescendo

30 1365 65 1385 io
79 1353 258 1389 prudentia
284 1355 318 1382 et
348 1352 512 1389 sapientia
543 1352 613 1389 ipse
643 1352 834 1389 perfieitur;

79 1400 172 1434 patet
198 1399 286 1435 quod
312 1406 417 1435 genus
442 1398 632 1426 humanum
657 1398 695 1427 in
722 1398 833 1434 quiete

77 1443 147 1474 sive
179 1443 424 1480 tranquillitate
456 1443 547 1479 pacis
580 1444 624 1471 ad
659 1443 832 1479 proprium

76 1498 175 1519 sumn
188 1498 278 1526 opus,
294 1489 382 1526 quod
400 1488 468 1518 fere
488 1488 642 1518 divinum
659 1491 708 1518 est
726 1489 833 1525 (iuxta

76 1534 182 1564 illud:
215 1534 386 1563 ‘Minuisti
417 1543 496 1563 011111
525 1534 623 1570 paulo
650 1534 763 1563 minus
790 1535 832 1563 ab

29 1590 61 1620 ¹5
76 1580 242 1617 angelis’),
276 1579 444 1608 Uberrima
473 1581 574 1616 atque
606 1579 766 1608 facillime
797 1588 831 1609 se

76 1625 186 1655 habet.
227 1625 325 1655 Unde
345 1625 563 1654 manifestum
583 1627 642 1661 est,
658 1626 746 1661 quod.
766 1634 831 1662 pax

75 1670 275 1700 universalis
293 1671 345 1699 est
364 1670 529 1706 optimum
546 1679 670 1707 eorum,
685 1679 770 1706 quae
789 1671 832 1700 ad

76 1718 226 1746 nostram
238 1716 483 1745 beatitudinem
495 1716 704 1746 ordinantur.
742 1716 832 1746 Hinc

77 1763 137 1798 est,
161 1761 249 1797 quod
275 1761 462 1798 pastoribus
485 1762 526 1790 de
549 1770 683 1790 sursum
709 1762 831 1799 sonuit,

26 1818 64 1838 20
79 1815 147 1836 11011
157 1806 303 1843 divitiae,
314 1815 384 1836 non
395 1807 590 1843 voluptates,
601 1816 670 1835 11011
681 1807 830 1843 honores,

78 1861 149 1882 non
174 1852 347 1888 longitudo
371 1852 471 1887 vitae,
500 1861 568 1880 non
599 1853 736 1888 sanitas,
764 1861 833 1881 non

78 1901 187 1937 robur,
203 1909 272 1928 non
285 1899 518 1936 pulchritudo;
539 1900 597 1928 sed
610 1908 683 1935 pax.
715 1899 833 1935 Inquit

77 1946 169 1974 enim
189 1945 340 1975 coelestis
361 1945 506 1974 militia:
534 1945 667 1974 ‘Gloria
686 1944 723 1973 in
743 1945 833 1974 altis·

76 1991 171 2020 simis
197 1991 274 2027 Deo,
303 1993 338 2020 et
363 1990 399 2019 in
427 1992 520 2019 terra
545 1999 611 2027 pax
642 1990 833 2020 hominibus

27 2046 62 2074 ²5
77 2036 183 2065 bonae
223 2036 425 2066 voluntatis)
479 2036 570 2065 Hinc
608 2036 711 2064 etiam
747 2036 832 2064 ‘Pax

78 2081 189 2118 vobis,’
203 2081 301 2110 Salus
318 2081 494 2110 hominum
514 2082 691 2111 salutabat.
734 2081 833 2110 Dece-

77 2127 135 2155 bat
149 2126 239 2155 enim
253 2135 422 2155 summum
435 2126 650 2163 Salvatorem,
666 2135 832 2155 summam

76 2171 312 2200 salutationem
335 2171 524 2208 exprimere.
569 2171 673 2205 Quem
697 2171 831 2207 quidem

77 2226 203 2246 morem
223 2225 353 2246 servare
370 2217 549 2246 voluerunt
567 2217 731 2253 Discipuli
751 2216 829 2254 eius,

27 2274 65 2302 30
78 2265 112 2292 et
126 2263 248 2292 Paulus
261 2262 298 2291 in
311 2262 568 2292 salutationibus
581 2263 658 2299 suis,
674 2264 713 2292 ut
726 2263 831 2291 omni-

78 2308 139 2337 bus
151 2307 367 2337 manifestum
380 2316 447 2337 esse
461 2310 576 2344 potest.

117 2354 199 2389 (VI.)
219 2353 269 2382 Ex
289 2353 330 2382 iis
350 2362 426 2389 ergo
446 2362 530 2390 quae
551 2354 720 2383 declarata
739 2356 828 2391 sunt,

79 2401 172 2435 patet
204 2407 263 2434 per
289 2399 379 2435 quod
405 2399 533 2436 melius,
561 2399 629 2428 imo
657 2409 716 2436 per
742 2401 829 2436 quod

78 2443 202 2480 optime
216 2452 320 2480 genus
330 2443 516 2473 humanum
527 2445 688 2481 pertingit
699 2446 741 2474 ad
749 2454 830 2481 opus

29 2498 62 2525 35
77 2489 256 2526 proprium.
299 2489 343 2518 Et
361 2498 420 2524 per
438 2498 640 2525 consequens
654 2490 761 2519 visum
780 2493 829 2519 est

77 2534 393 2572 propinquissimum
407 2534 562 2572 medium,
578 2544 636 2572 per
655 2536 742 2572 quod
761 2535 831 2564 itur

1574 162 1648 199 343

890 261 928 290 in
942 261 1037 298 illud,
1053 262 1096 291 ad
1111 262 1198 298 quod
1212 262 1304 291 velut
1322 262 1358 290 in
1372 262 1530 291 ultimum
1544 261 1648 291 finem

890 307 1006 336 omnia
1025 310 1139 336 nostra
1152 316 1251 343 opera
1270 307 1479 343 ordinantur,
1496 308 1582 343 quod
1597 309 1647 336 est

889 361 955 388 pax
969 352 1177 388 universalis,
1194 361 1276 388 quae
1291 362 1351 389 pro
1369 352 1533 389 principio
1547 353 1648 381 ratio-

890 407 974 426 num
1001 398 1273 434 subsequentium
1299 400 1523 435 supponatur;
1558 399 1645 435 quod
1663 407 1704 434 40

889 446 960 472 erat
984 444 1217 481 necessarium,
1240 446 1279 473 ut
1303 444 1433 473 dictum
1456 444 1530 480 fuit,
1553 444 1646 473 velut

888 488 1023 525 signum
1056 489 1250 525 praefixum,
1286 489 1323 517 in
1357 490 1444 525 quod
1482 488 1646 524 quidquid

886 534 1097 569 probandum
1121 536 1180 570 est,
1202 534 1395 571 resolvatur,
1418 536 1582 570 tanquam
1607 533 1645 562 in

886 579 1193 609 manifestissimam
1206 580 1392 610 veritatem.

925 625 968 655 V.
981 625 1081 661 (VII.)
1094 626 1309 655 Resumentes
1318 625 1421 661 igitur
1430 626 1517 661 quod
1525 634 1546 654 a
1555 625 1646 661 prin-

885 670 971 706 cipio
984 670 1165 708 dicebatur,
1180 671 1249 700 tria
1268 671 1411 700 maxime
1430 671 1643 709 dubitantur,

885 718 919 745 et
929 716 1083 746 dubitata
1094 719 1303 753 quaeruntur
1312 716 1402 746 cirea
1413 716 1644 746 Monarchiam

885 762 1112 798 temporalem,
1135 771 1220 798 quae
1241 761 1463 791 communiori
1483 762 1644 791 vocabulo

885 809 1102 843 nuncupatur
1121 807 1314 844 Imperium,
1330 809 1363 836 et
1376 808 1415 836 de
1429 807 1479 844 iis,
1495 809 1534 835 ut
1550 816 1642 843 prae-
1659 819 1676 847 5

885 852 1015 882 dictum
1028 855 1087 890 est,
1101 853 1306 890 propositum
1318 855 1375 882 ‘est
1395 854 1455 882 sub
1469 853 1643 889 adsignato

885 898 1049 935 principio
1067 899 1320 935 inquisitionem
1333 899 1442 927 facere
1459 899 1643 928 secundum

885 943 954 972 iam
993 945 1124 973 tactum
1161 944 1321 974 ordinem.
1377 944 1490 972 Prima
1529 944 1642 980 itaque

886 989 1035 1024 quaestio
1053 989 1117 1018 sit:
1137 990 1260 1018 Utrum
1280 990 1323 1018 ad
1342 990 1425 1018 bene
1440 997 1508 1018 esse
1521 990 1642 1018 mundi

887 1035 1082 1064 Monarchia
1094 1035 1285 1072 temporalis
1297 1035 1482 1064 necessaria
1492 1035 1546 1065 sit.
1571 1036 1642 1065 Hoc
1663 1047 1696 1066 10

887 1081 1049 1117 equidem,
1062 1082 1158 1110 nulla
1168 1081 1202 1110 vi
1215 1081 1355 1110 rationis
1369 1081 1422 1110 vel
1432 1081 1643 1110 auctoritatis

885 1127 1046 1163 obstante,
1062 1126 1240 1163 potissimis
1252 1129 1284 1156 et
1297 1126 1537 1163 patentissimis
1547 1136 1642 1163 argu-

886 1172 1010 1202 mentis
1029 1172 1160 1201 ostendi
1179 1174 1306 1208 potest;
1332 1181 1474 1208 quorum
1494 1172 1642 1208 primum

885 1219 928 1248 ab
951 1218 1151 1248 auctoritate
1172 1218 1364 1254 Philosophi
1383 1219 1580 1247 adsumatur
1601 1220 1641 1247 de

885 1264 954 1293 suis
973 1264 1129 1294 Politicis.
1171 1264 1305 1293 Adserit
1326 1264 1416 1293 enim
1441 1264 1488 1293 ibi
1507 1273 1642 1294 venera-
1662 1276 1691 1303 15

885 1309 962 1339 bilis
975 1309 1046 1339 eius
1064 1309 1253 1345 auctoritas,
1270 1310 1357 1345 quod
1377 1309 1511 1345 quando
1530 1310 1642 1346 aliqua

884 1355 982 1391 plura
995 1356 1198 1384 ordinantur
1211 1356 1254 1383 ad
1268 1364 1383 1391 unum,
1395 1357 1523 1391 oportet
1534 1365 1642 1384 unum

885 1410 999 1430 eorum
1032 1401 1183 1438 regulare
1215 1409 1274 1429 seu
1308 1410 1430 1437 regere,
1464 1401 1532 1430 ulia
1563 1411 1641 1431 vero

884 1446 1031 1482 regulari
1063 1455 1121 1475 seu
1152 1446 1230 1482 regi.
1283 1446 1376 1479 Quod
1405 1446 1539 1482 quidem
1572 1455 1639 1475 non

883 1492 991 1520 solum
1001 1492 1180 1528 gloriosum
1191 1500 1313 1520 nomen
1324 1491 1469 1520 auctoris
1479 1491 1561 1521 iacit
1573 1501 1640 1521 esse
1658 1500 1695 1519 20

884 1538 1096 1573 credendum,
1112 1538 1169 1566 sed
1183 1537 1269 1566 ratio
1283 1537 1464 1567 inductiva.

924 1583 959 1612 Si
974 1583 1064 1612 enim
1079 1583 1325 1612 consideremus
1338 1591 1447 1612 unum
1456 1582 1639 1621 hominem,

883 1627 946 1657 hoc
974 1628 1011 1657 in
1036 1637 1074 1658 eo
1100 1628 1292 1664 contingere
1314 1627 1518 1665 videbimus;
1550 1629 1638 1665 quia,

884 1683 989 1710 quum
1013 1683 1128 1704 omnes
1155 1674 1243 1704 vires
1271 1674 1342 1703 eius
1369 1674 1570 1703 ordinentur
1595 1676 1639 1703 ad

883 1719 1092 1756 felicitatem,
1128 1719 1178 1749 vis
1211 1719 1284 1755 ipsa
1316 1719 1557 1749 intellectualis
1590 1722 1640 1749 est
1658 1732 1692 1759 25

884 1766 1069 1802 regulatrix
1096 1767 1130 1796 et
1157 1766 1283 1795 rectrix
1306 1765 1458 1794 omnium
1484 1766 1638 1802 aliarum,

884 1811 984 1840 aliter
998 1812 1041 1840 ad
1052 1811 1248 1840 felicitatem
1258 1810 1433 1846 pervenire
1443 1820 1512 1840 non
1521 1813 1637 1847 potest.

885 1856 921 1886 Si
954 1857 1204 1887 consideremus
1236 1866 1340 1886 unam
1368 1858 1514 1894 domum,
1544 1857 1640 1886 euius

884 1902 960 1931 finis
981 1904 1032 1931 est
1051 1902 1244 1931 domesticos
1258 1903 1301 1931 ad
1323 1903 1404 1932 bene
1418 1903 1528 1932 vivere
1547 1912 1639 1939 prae-

884 1956 1012 1983 parare,
1027 1957 1135 1976 unum
1148 1950 1280 1984 oportet
1294 1956 1362 1977 esse
1383 1948 1441 1984 qui
1461 1949 1590 1985 regulet
1604 1951 1638 1978 et
1657 1958 1694 1985 30

884 1994 987 2029 regat,
1010 2002 1110 2029 quem
1133 1993 1251 2022 dicunt
1274 1993 1559 2030 patremfamilias,
1585 1994 1639 2023 vel

885 2038 957 2066 eius
990 2037 1101 2067 locum
1134 2040 1316 2075 tenentem,
1345 2038 1441 2067 iuxta
1471 2039 1638 2068 dicentem

884 2083 1144 2120 Philosophum:
1175 2083 1310 2113 ‘Omnis
1330 2084 1447 2113 domus
1470 2084 1598 2121 regitur
1618 2094 1639 2114 a

884 2130 1076 2160 senissimo.’
1117 2130 1162 2159 Et
1184 2130 1295 2166 huius,
1319 2131 1358 2158 ut
1385 2130 1434 2159 ait
1461 2130 1636 2168 Homerus,

883 2179 933 2203 est
959 2175 1110 2211 regulare
1137 2184 1259 2212 omnes,
1291 2178 1325 2204 et
1351 2176 1439 2212 leges
1467 2176 1637 2213 imponere
1654 2186 1687 2214 35

883 2219 967 2250 aliis.
997 2220 1136 2256 Propter
1147 2221 1234 2256 quod
1247 2221 1499 2256 proverbialiter
1512 2222 1638 2251 dicitur

882 2264 942 2294 illa
955 2265 1146 2294 maledictio
1159 2276 1166 2295 z
1188 2267 1195 2282 ⁶
1207 2266 1326 2295 Parem
1336 2266 1458 2295 habeas
1469 2266 1505 2295 in
1520 2268 1636 2298 domo.‘

882 2310 916 2339 Si
931 2310 1177 2340 consideremus
1191 2310 1302 2340 vicum
1320 2320 1435 2348 unum,
1452 2311 1546 2341 cuius
1560 2312 1638 2342 finis

882 2358 932 2386 est
972 2357 1144 2385 commoda
1178 2358 1249 2385 tam
1282 2365 1500 2392 personarum
1534 2367 1635 2394 quam

882 2409 995 2429 rerum
1034 2400 1218 2437 auxiliatio,
1254 2409 1362 2430 unum
1395 2403 1525 2437 oportet
1566 2411 1634 2431 esse
1651 2416 1692 2443 40

881 2445 1025 2474 aliorum
1039 2445 1273 2482 reguhtorem,
1287 2445 1341 2475 vel
1362 2447 1479 2475 datum
1498 2447 1541 2474 ab
1557 2446 1633 2483 alio,

883 2490 935 2519 vel
956 2499 996 2519 ex
1018 2490 1098 2526 ipsis
1118 2490 1413 2527 praeeminentem,
1429 2491 1635 2520 consentien-

882 2535 972 2565 tibus
1005 2536 1097 2573 nliis3
1143 2536 1241 2566 aliter
1276 2537 1319 2565 ad
1354 2536 1447 2565 illam
1483 2539 1635 2566 mutuam
