1780 2820
453 143 525 181 DE
553 137 920 180 MONARCHIA:
957 136 1008 173 ΙΙ.
1035 135 1130 173 CAP.
1155 147 1187 182 3,
1206 148 1238 182 4.

1555 141 1627 178 353

70 260 204 296 Europa.
228 268 306 288 vero
332 267 394 288 avo
426 255 668 293 antiquissimo,
697 252 823 282 scilicet

70 306 233 335 Dardano.
275 304 389 334 Africa
416 311 543 340 quoque
570 300 646 330 avia
671 298 823 328 vetustis-

69 352 162 388 sima,
174 351 307 380 Electra
316 349 454 384 scilieet,
464 350 546 376 nata
553 345 668 382 magni
678 344 823 373 nominis

19 406 55 434 7⁰
70 397 157 433 regis
162 395 312 425 Atlantis
321 395 373 430 ;ut
380 394 420 422 de
427 392 586 422 ambobus
592 389 823 419 testimonium

71 441 182 470 reddit
197 441 297 470 Poeta
310 442 423 469 noster
436 438 472 467 in
486 439 611 472 octavo,
623 434 682 464 ubi
696 434 823 464 Aeneas

69 487 112 516 ad
127 486 321 516 Evandrum
334 484 382 514 sic
395 484 443 512 ait
455 493 462 511 :

106 555 300 584 ‘Dardanus
322 553 444 582 Iliacae
463 551 591 588 primus
613 552 709 586 pater
730 549 823 578 urbis

191 602 225 629 et
239 602 363 634 auctor,

111 645 254 681 Electra,
270 646 309 674 ut
329 644 423 673 Graii
441 643 627 680 perhibent,
649 641 822 670 Atlantide

186 692 306 727 cretus,

19 741 52 771 75
110 736 297 766 Advehitur
305 736 461 771 Teucros3
476 734 645 763 Electram
656 732 822 761 maximus

186 782 283 810 Atlas

109 827 235 863 Edidit,
250 826 421 856 aethereos
441 826 580 855 humero
600 825 657 861 qui
678 823 823 854 sustinet

64 872 66 874 ’
186 873 299 902 orbes.y

109 942 203 976 Quod
239 943 352 970 autem
391 941 570 969 Dardanus
611 939 653 967 ab
691 938 823 974 Europa

67 987 230 1024 originem
250 986 392 1023 duxerit,
414 987 526 1015 noster
546 986 646 1014 Vates
668 984 704 1012 in
724 984 824 1012 tertio

69 1034 196 1068 cantat,
211 1032 342 1062 dicens:

13 1099 53 1127 80
95 1097 103 1111 ‘
111 1096 171 1124 Est
189 1095 289 1132 locus,
306 1095 500 1131 Hesperiam
515 1093 609 1122 Graii
629 1092 824 1129 cognomine

190 1141 320 1178 dicunt,

109 1187 210 1216 Terra
216 1187 366 1223 antiqua,
374 1187 491 1223 potens
501 1184 603 1214 armis
613 1186 714 1220 atque
723 1184 822 1212 ubere

188 1233 309 1269 glebae.

110 1278 257 1307 Oenotrii
263 1278 392 1307 coluere
400 1276 474 1312 viri;
483 1285 574 1305 nunc
580 1276 671 1304 fama
679 1275 824 1303 minores

111 1323 246 1352 Italiam
258 1323 379 1352 dixisse
386 1322 481 1351 ducis
488 1323 528 1351 de
536 1321 669 1350 nomine
679 1322 820 1356 gentem.

109 1369 181 1398 Hae
206 1368 299 1398 nobis
323 1367 474 1404 propriae
497 1367 589 1396 sedes
600 1377 607 1403 3
637 1365 719 1394 hinc
743 1366 824 1394 Dar-

188 1416 296 1444 danus
316 1415 428 1444 ortus!

17 1489 53 1523 85
69 1485 164 1519 Quod
186 1493 262 1514 vero
284 1484 379 1513 Atlas
400 1485 440 1513 de
460 1483 574 1512 Africa
593 1482 705 1519 fuerit,
727 1490 823 1511 mons

68 1530 105 1559 in
118 1530 187 1567 illa,
197 1539 256 1559 suo
269 1529 404 1558 nomine
413 1529 533 1564 dictus,
546 1530 596 1557 est
609 1527 710 1563 testis,
724 1536 821 1563 quem

68 1584 137 1605 esse
150 1576 187 1605 in
201 1574 315 1605 Africa
328 1574 410 1604 dicit
424 1573 567 1610 Orosius,
578 1573 615 1602 in
629 1581 690 1602 sua
703 1572 823 1601 mundi

69 1621 297 1658 descriptione,
318 1620 386 1650 sio:
415 1620 582 1648 ‘Ultimus
605 1620 719 1647 autem
742 1618 822 1647 finis

68 1666 140 1696 eius
153 1669 204 1697 est
217 1674 312 1695 mons
325 1666 429 1702 Atlas,
445 1667 479 1694 ct
498 1665 632 1694 Insulae
646 1673 728 1700 quas
746 1665 822 1693 For-

14 1720 54 1748 90
69 1714 208 1742 tanatos
228 1712 367 1741 vocant!
410 1710 530 1747 ‘Eius‚'
550 1710 586 1739 id
607 1711 657 1739 est
677 1709 820 1746 Africae,

68 1756 147 1793 quia
160 1758 201 1787 de
214 1757 286 1794 ipsa
298 1757 502 1793 loquebatur.

0 1837 1 1840 Ἰ
108 1802 271 1832 Similiter
296 1802 399 1831 etiam
425 1800 578 1838 coniugio
605 1800 821 1830 nobilitatum

0 1855 1 1887 1
70 1847 171 1877 fuisse
198 1847 332 1884 reperio.
380 1846 496 1875 Prima
526 1854 673 1882 namque
699 1845 822 1875 coniux

0 1900 3 1951 ἱ
70 1893 201 1930 Creusa,
214 1892 337 1921 Priami
350 1891 437 1929 regis
450 1891 530 1927 filia,
546 1892 586 1920 de
600 1890 679 1920 Asia
691 1891 767 1929 fuit,
782 1893 822 1920 ut

18 1945 55 1973 95
69 1938 221 1974 superius
234 1937 349 1966 haberi
369 1938 476 1973 potest
494 1945 554 1973 per
572 1945 612 1965 ea
626 1944 710 1972 quae
730 1933 828 1967 dicta·

1 1955 5 2014 i
70 1984 159 2012 sunt.
184 1983 228 2012 Et
237 1983 325 2019 quod
334 1982 437 2011 fuerit
447 1981 577 2017 coniux,
589 1981 821 2014 testimonium

69 2028 221 2064 perhibet
243 2029 356 2057 noster
374 2027 474 2056 Poeta
493 2026 529 2055 in
548 2026 657 2062 tertio,
675 2026 733 2055 ubi
753 2027 821 2058 An-

0 2077 2 2101 ἰ
69 2073 247 2103 drommhe
267 2074 307 2102 de
322 2072 463 2103 Ascanio
483 2071 552 2100 filio
566 2072 713 2102 Aeneam
731 2072 821 2108 geni-

5 2151 7 2183 *
69 2121 177 2148 torem
189 2119 372 2155 interrogat
383 2118 431 2148 sic
444 2128 451 2147 :

6 2193 56 2226 {00
92 2189 100 2205 ²
111 2188 196 2223 Quid
233 2197 315 2224 puer
345 2187 530 2217 Ascanius?
567 2188 754 2224 superatne,
787 2190 820 2216 et

7 2229 9 2296 ἢ
188 2234 334 2262 vescitur
353 2242 443 2268 auru,

110 2280 215 2314 Quem
235 2279 298 2307 tibi
317 2278 384 2308 iam
403 2278 500 2307 Troia
518 2277 646 2315 peperit
667 2279 819 2307 fumante

191 2326 312 2355 Creusa
321 2326 335 2353 ?
346 2325 353 2339 '

10 2382 14 2419 ἱ
69 2394 230 2430 secunda,
265 2393 351 2422 Dido
383 2392 459 2429 suit,
494 2392 609 2428 regina
645 2394 679 2420 et
712 2394 820 2421 mater

12 2443 14 2459 ’·
69 2438 382 2475 Carthaginensium
391 2438 426 2466 in
438 2437 567 2474 Africam
579 2439 612 2467 et
621 2438 707 2474 quod
717 2437 819 2466 fuerit

12 2482 14 2486 '
71 2484 202 2520 coniux,
216 2483 306 2513 idem
320 2485 433 2512 noster
450 2483 550 2512 Poeta
564 2483 768 2512 vaticinatur
781 2483 817 2512 in

13 2539 53 2571 ¹⁰5
70 2532 188 2569 quarto
199 2540 207 2567 ;
228 2529 340 2568 inquit
354 2529 445 2559 enim
458 2529 499 2558 de
513 2528 641 2557 Didone
654 2539 672 2557 :v

903 249 986 278 ‘Nec
1018 248 1087 277 iam
1119 247 1283 276 furtivum
1322 245 1406 273 Dido
1445 243 1628 272 meditatur

991 302 1146 330 amorem,

917 338 1114 375 Coniugium
1124 338 1233 373 vocat,
1245 337 1308 365 hoc
1317 335 1481 372 praetexit
1490 333 1627 363 nomine

992 383 1145 420 culpam.’

873 429 993 465 Tertia,
1009 427 1149 457 Lavinia
1163 427 1237 463 fuit,
1249 426 1454 454 Albanorum
1465 425 1627 453 Romano-

874 483 1014 510 rumque
1035 475 1151 509 mater,
1174 472 1260 508 regis
1280 471 1393 500 Latini
1413 469 1483 498 filia
1502 469 1628 506 pariter

873 521 907 548 et
941 520 1056 555 heres;
1098 518 1127 548 si
1161 527 1278 547 verum
1312 518 1362 546 est
1394 514 1627 544 testimonium

873 565 982 593 nostri
1013 565 1132 593 Poetae
1163 563 1200 592 in
1233 563 1364 598 ultimo,
1389 561 1447 590 ubi
1476 561 1628 589 Turnum

1650 525 1698 543 110

874 611 1002 640 victum
1028 609 1225 646 introducit,
1253 610 1406 637 orantem
1432 606 1627 643 suppliciter

873 656 916 684 ad
930 656 1077 684 Aeneam
1092 655 1138 684 sic
1151 666 1158 683 :

975 706 1127 742 ‘Vicisti;
1149 708 1182 735 et
1193 706 1322 734 victum
1335 705 1471 733 tendere
1486 703 1614 739 palmas

914 752 1051 782 Ausonii
1058 752 1177 781 videre.
1203 751 1272 780 Tua
1281 752 1330 779 est
1338 749 1478 778 Lavinia
1484 748 1625 777 coniux!
1645 755 1655 772 ¹
1664 753 1693 780 15

875 805 965 838 Quae
979 804 1101 833 ultima
1113 812 1196 831 uxor
1210 804 1250 831 de
1269 802 1372 831 Italia
1389 801 1464 838 fuit,
1475 801 1625 836 Europae

873 850 1006 886 regione
1019 849 1230 877 nobilissima.

914 895 974 924 His
985 895 1097 932 itaque
1108 895 1150 923 ad
1160 893 1362 922 evidentiam
1371 892 1626 927 subadsumptae

874 940 1087 976 praenotatis,
1104 939 1158 968 cui
1176 948 1245 967 non
1263 938 1344 967 satis
1356 945 1551 974 persuasum
1566 938 1625 972 est,

875 986 1018 1014 Romani
1031 985 1144 1021 populi
1154 986 1295 1020 patrem,
1307 985 1341 1012 et
1354 992 1413 1019 per
1424 991 1628 1018 consequens
1647 991 1699 1010 120
1742 988 1745 990 ·

875 1031 983 1067 ipsum
1001 1031 1169 1067 populum,
1184 1029 1426 1058 nobilissimum
1445 1027 1546 1057 fuisse
1565 1029 1626 1057 sub

875 1077 964 1106 coelo
973 1077 988 1105 ἱ)
1007 1076 1075 1105 Aut
1089 1085 1186 1112 quem
1200 1075 1238 1103 in
1252 1074 1309 1103 illo
1323 1073 1449 1110 duplici
1462 1082 1627 1103 concursu

874 1121 1046 1159 sanguinis
1054 1131 1076 1150 a
1085 1120 1232 1157 qualibet
1243 1119 1363 1149 mundi
1370 1121 1465 1156 parte
1475 1118 1510 1147 in
1520 1128 1627 1148 unum

876 1167 993 1203 virum,
1009 1165 1269 1203 praedestinatio
1282 1165 1399 1194 divina
1411 1164 1548 1194 latebit?

914 1212 980 1242 IV.
1002 1212 1095 1241 Illud
1121 1220 1258 1248 quoque,
1287 1211 1375 1247 quod
1401 1211 1445 1239 ad
1478 1209 1531 1239 sui
1556 1218 1628 1246 per-

875 1259 1054 1288 fectionem
1065 1257 1304 1286 miraculorum
1316 1255 1473 1292 suffragio
1482 1255 1626 1292 iuvatur,

875 1306 924 1333 est
945 1312 965 1332 a
983 1304 1052 1332 Deo
1065 1302 1215 1338 volitum,
1232 1303 1265 1331 et
1285 1310 1344 1338 per
1363 1310 1566 1337 consequens
1587 1301 1627 1330 de

874 1350 947 1379 iure
971 1349 1018 1379 fit.
1061 1349 1105 1377 Et
1125 1348 1213 1384 quod
1233 1346 1299 1376 ista
1320 1346 1392 1376 sint
1412 1356 1499 1383 vera,
1521 1348 1624 1383 patet,

875 1395 962 1432 quia,
986 1395 1073 1424 sicut
1100 1394 1183 1423 dicit
1209 1393 1352 1422 Thomas
1377 1392 1414 1421 in
1440 1392 1542 1421 tertio
1568 1401 1627 1421 suo
1644 1402 1661 1430 5

874 1442 991 1470 contra
1015 1439 1184 1469 Gentiles:
1215 1438 1434 1467 ‘Miraculum
1459 1439 1518 1474 est,
1540 1439 1627 1474 quod

874 1488 1007 1522 praeter
1033 1484 1185 1513 ordinem
1211 1483 1248 1512 in
1279 1484 1378 1513 rebus
1405 1482 1628 1512 communiter

874 1530 1078 1566 institutum,
1120 1528 1283 1558 divinitus
1322 1528 1380 1558 fit.’
1421 1529 1518 1557 Unde
1557 1528 1628 1564 ipse

873 1577 1000 1613 probat,
1036 1575 1098 1605 soli
1131 1576 1199 1604 Deo
1237 1577 1430 1611 competere,
1465 1573 1629 1603 miracula

873 1621 1017 1658 operari:
1047 1622 1136 1657 quod
1163 1620 1362 1650 auctoritate
1389 1620 1510 1656 Moysis
1536 1620 1628 1648 robo-
1648 1627 1684 1647 10

873 1669 978 1704 ratur,
990 1667 1048 1696 ubi
1062 1676 1165 1704 quum
1176 1668 1315 1695 ventum
1329 1667 1378 1695 est
1391 1666 1435 1694 ad
1448 1665 1626 1702 sciniphes,

875 1713 965 1750 Magi
991 1712 1182 1748 Pharaonis,
1212 1711 1423 1740 naturalibus
1451 1711 1628 1748 principiis

873 1758 1050 1787 artificiose
1087 1759 1230 1793 utentes,
1269 1758 1304 1786 et
1339 1756 1387 1785 ibi
1423 1757 1625 1793 deficientes,

873 1803 1051 1832 dixerunt:
1073 1802 1223 1839 ‘Digitus
1237 1802 1298 1830 Dei
1314 1803 1363 1831 est
1380 1801 1457 1831 hic.’
1496 1802 1532 1831 Si
1550 1811 1628 1838 ergo

873 1849 1074 1878 miraculum
1087 1849 1138 1877 est
1150 1847 1345 1876 immediata
1358 1847 1503 1883 operatio
1516 1847 1626 1884 primi,
1647 1856 1679 1884 ¹⁵

872 1894 994 1930 absque
1021 1893 1251 1930 cooperatione
1280 1893 1502 1922 secundorum
1528 1902 1627 1930 agen-

872 1939 968 1975 tium,
978 1941 1018 1968 ut
1031 1939 1100 1975 ipse
1111 1939 1254 1967 Thomas
1264 1938 1301 1966 in
1311 1938 1534 1974 praeallegato
1544 1938 1627 1966 libro

872 1984 989 2020 probat
1021 1984 1234 2019 sufficienter,
1269 1992 1374 2019 quum
1408 1983 1445 2011 in
1479 1984 1627 2012 favorem

871 2029 1012 2058 alicuius
1045 2029 1266 2066 portenditur,
1304 2029 1400 2057 nefas
1434 2030 1484 2057 est
1517 2028 1628 2057 dicere

871 2074 956 2103 illud
989 2074 1044 2104 cui
1074 2075 1122 2104 sic
1149 2074 1284 2103 favetur
1308 2083 1377 2103 non
1405 2082 1472 2103 esse
1499 2082 1520 2103 a
1546 2074 1625 2111 Deo,
1644 2086 1682 2105 πο

871 2121 1042 2156 tamquam
1076 2120 1322 2156 beneplacitum
1351 2119 1415 2148 sibi
1446 2118 1624 2155 provisum.

872 2165 980 2199 Quare
1006 2174 1105 2195 suum
1128 2165 1421 2194 contradictorium
1447 2165 1626 2194 concedere

871 2214 1025 2240 sanctum
1052 2213 1121 2240 est:
1155 2211 1344 2240 Romanum
1372 2211 1556 2246 Imperium
1582 2212 1626 2240 ad

871 2256 922 2284 sui
942 2256 1178 2292 perfectionem
1209 2255 1447 2284 miraculorum
1467 2255 1626 2291 suffragio

871 2303 921 2330 cst
939 2301 1112 2337 adiutum;
1134 2309 1210 2336 ergo
1230 2310 1250 2330 a
1267 2301 1336 2329 Deo
1349 2301 1500 2338 volitum,
1516 2302 1549 2329 et
1567 2309 1626 2337 per
1643 2309 1677 2335 25

871 2355 1074 2382 coanuens
1088 2347 1128 2375 de
1143 2346 1215 2375 iure
1228 2346 1294 2375 fuit
1308 2347 1342 2374 et
1357 2347 1415 2376 est.

912 2393 1005 2427 Quod
1039 2395 1162 2428 autem,
1197 2401 1257 2428 pro
1294 2391 1444 2421 Romano
1481 2391 1625 2427 Imperio

870 2438 1078 2474 perficiendo,
1107 2438 1270 2466 miracula
1295 2437 1384 2466 Deus
1409 2437 1623 2473 portenderit,

871 2482 1054 2511 illustrium
1072 2484 1247 2511 auctorum
1260 2482 1459 2511 testimoniis
1479 2491 1624 2518 compro-

872 2529 980 2558 batur.
1013 2528 1101 2557 Nam
1109 2528 1170 2557 sub
1180 2528 1291 2556 Numa
1299 2527 1470 2564 Pompilio,
1481 2527 1624 2557 secundo
1641 2534 1678 2568 {⁵⁰

811 2602 882 2630 AB·
