<?xml version="1.0" encoding="UTF-8"?>
<!DOCTYPE html PUBLIC "-//W3C//DTD XHTML 1.0 Transitional//EN"
    "http://www.w3.org/TR/xhtml1/DTD/xhtml1-transitional.dtd">
<html xmlns="http://www.w3.org/1999/xhtml" xml:lang="en" lang="en">
 <head>
  <title>
</title>
<meta http-equiv="Content-Type" content="text/html;charset=utf-8" />
  <meta name='ocr-system' content='tesseract 3.04.00' />
  <meta name='ocr-capabilities' content='ocr_page ocr_carea ocr_par ocr_line ocrx_word'/>
</head>
<body>
  <div class='ocr_page' id='page_1' title='image "./demonarchiaoxfor00dantuoft_0042.png"; bbox 0 0 1780 2820; ppageno 0'>
   <div class='ocr_carea' id='block_1_1' title="bbox 147 135 219 170">
    <p class='ocr_par' dir='ltr' id='par_1_1' title="bbox 147 135 219 170">
     <span class='ocr_line' id='line_1_1' title="bbox 147 135 219 170; baseline 0 0"><span class='ocrx_word' id='word_1_1' title='bbox 147 135 219 170; x_wconf 87' lang='lat'>342</span> 
     </span>
    </p>
   </div>
   <div class='ocr_carea' id='block_1_2' title="bbox 92 234 903 772">
    <p class='ocr_par' dir='ltr' id='par_1_2' title="bbox 92 234 903 772">
     <span class='ocr_line' id='line_1_2' title="bbox 149 234 903 271; baseline 0 -8"><span class='ocrx_word' id='word_1_2' title='bbox 149 234 266 271; x_wconf 85' lang='lat' dir='ltr'>centia,</span> <span class='ocrx_word' id='word_1_3' title='bbox 296 244 364 263; x_wconf 88' lang='lat' dir='ltr'>non</span> <span class='ocrx_word' id='word_1_4' title='bbox 388 235 495 264; x_wconf 87' lang='lat' dir='ltr'>solum</span> <span class='ocrx_word' id='word_1_5' title='bbox 519 234 692 271; x_wconf 89' lang='lat' dir='ltr'>speculari,</span> <span class='ocrx_word' id='word_1_6' title='bbox 719 235 776 264; x_wconf 90' lang='lat' dir='ltr'>sed</span> <span class='ocrx_word' id='word_1_7' title='bbox 800 235 903 264; x_wconf 83' lang='lat' dir='ltr'>etiam</span> 
     </span>
     <span class='ocr_line' id='line_1_3' title="bbox 148 280 903 316; baseline 0.001 -8"><span class='ocrx_word' id='word_1_8' title='bbox 148 280 276 316; x_wconf 83' lang='lat' dir='ltr'>operari</span> <span class='ocrx_word' id='word_1_9' title='bbox 296 289 477 316; x_wconf 89' lang='lat' dir='ltr'>possumus,</span> <span class='ocrx_word' id='word_1_10' title='bbox 493 282 526 309; x_wconf 85' lang='lat' dir='ltr'>et</span> <span class='ocrx_word' id='word_1_11' title='bbox 547 280 584 308; x_wconf 92' lang='lat' dir='ltr'>in</span> <span class='ocrx_word' id='word_1_12' title='bbox 605 280 646 309; x_wconf 82' lang='lat' dir='ltr'>iis</span> <span class='ocrx_word' id='word_1_13' title='bbox 667 289 736 308; x_wconf 91' lang='lat' dir='ltr'>non</span> <span class='ocrx_word' id='word_1_14' title='bbox 756 280 903 316; x_wconf 84' lang='lat' dir='ltr'>operatio</span> 
     </span>
     <span class='ocr_line' id='line_1_4' title="bbox 147 326 903 362; baseline 0.003 -9"><span class='ocrx_word' id='word_1_15' title='bbox 147 327 282 361; x_wconf 85' lang='lat' dir='ltr'>propter</span> <span class='ocrx_word' id='word_1_16' title='bbox 295 326 561 362; x_wconf 74' lang='lat' dir='ltr'>speculationem,</span> <span class='ocrx_word' id='word_1_17' title='bbox 574 326 630 355; x_wconf 83' lang='lat' dir='ltr'>sed</span> <span class='ocrx_word' id='word_1_18' title='bbox 641 327 777 361; x_wconf 83' lang='lat' dir='ltr'>propter</span> <span class='ocrx_word' id='word_1_19' title='bbox 791 334 903 362; x_wconf 81' lang='lat' dir='ltr'>opera·</span> 
     </span>
     <span class='ocr_line' id='line_1_5' title="bbox 97 369 903 406; baseline 0.002 -8"><span class='ocrx_word' id='word_1_20' title='bbox 97 376 129 403; x_wconf 88' lang='lat'>35</span> <span class='ocrx_word' id='word_1_21' title='bbox 146 370 272 399; x_wconf 88' lang='lat' dir='ltr'>tionem</span> <span class='ocrx_word' id='word_1_22' title='bbox 284 370 344 399; x_wconf 87' lang='lat' dir='ltr'>illa</span> <span class='ocrx_word' id='word_1_23' title='bbox 354 370 551 406; x_wconf 76' lang='lat' dir='ltr'><strong>adsumitur,</strong></span> <span class='ocrx_word' id='word_1_24' title='bbox 565 370 722 406; x_wconf 82' lang='lat' dir='ltr'>quoniam</span> <span class='ocrx_word' id='word_1_25' title='bbox 732 369 769 399; x_wconf 89' lang='lat' dir='ltr'>in</span> <span class='ocrx_word' id='word_1_26' title='bbox 779 370 903 400; x_wconf 86' lang='lat' dir='ltr'>talibus</span> 
     </span>
     <span class='ocr_line' id='line_1_6' title="bbox 148 415 902 452; baseline 0.004 -9"><span class='ocrx_word' id='word_1_27' title='bbox 148 415 294 452; x_wconf 87' lang='lat' dir='ltr'>operatio</span> <span class='ocrx_word' id='word_1_28' title='bbox 318 417 367 444; x_wconf 85' lang='lat' dir='ltr'>est</span> <span class='ocrx_word' id='word_1_29' title='bbox 394 415 478 446; x_wconf 88' lang='lat' dir='ltr'>finis.</span> <span class='ocrx_word' id='word_1_30' title='bbox 522 416 633 450; x_wconf 87' lang='lat' dir='ltr'>Quum</span> <span class='ocrx_word' id='word_1_31' title='bbox 657 424 734 452; x_wconf 84' lang='lat' dir='ltr'>ergo</span> <span class='ocrx_word' id='word_1_32' title='bbox 761 416 902 446; x_wconf 77' lang='lat' dir='ltr'>materia</span> 
     </span>
     <span class='ocr_line' id='line_1_7' title="bbox 146 461 901 499; baseline 0.003 -10"><span class='ocrx_word' id='word_1_33' title='bbox 146 470 302 497; x_wconf 79' lang='lat' dir='ltr'><strong>praesens</strong></span> <span class='ocrx_word' id='word_1_34' title='bbox 334 461 472 498; x_wconf 85' lang='lat' dir='ltr'>politica</span> <span class='ocrx_word' id='word_1_35' title='bbox 502 462 556 499; x_wconf 83' lang='lat' dir='ltr'>sit,</span> <span class='ocrx_word' id='word_1_36' title='bbox 592 462 660 490; x_wconf 88' lang='lat' dir='ltr'>imo</span> <span class='ocrx_word' id='word_1_37' title='bbox 694 463 767 491; x_wconf 82' lang='lat' dir='ltr'>fons</span> <span class='ocrx_word' id='word_1_38' title='bbox 801 464 901 498; x_wconf 84' lang='lat' dir='ltr'>atque</span> 
     </span>
     <span class='ocr_line' id='line_1_8' title="bbox 146 506 901 544; baseline 0.003 -9"><span class='ocrx_word' id='word_1_39' title='bbox 146 506 351 543; x_wconf 85' lang='lat' dir='ltr'>principium</span> <span class='ocrx_word' id='word_1_40' title='bbox 362 509 530 536; x_wconf 84' lang='lat' dir='ltr'>rectarum</span> <span class='ocrx_word' id='word_1_41' title='bbox 544 507 746 544; x_wconf 76' lang='lat' dir='ltr'>politiamm,</span> <span class='ocrx_word' id='word_1_42' title='bbox 759 510 793 537; x_wconf 88' lang='lat' dir='ltr'>et</span> <span class='ocrx_word' id='word_1_43' title='bbox 803 517 901 537; x_wconf 88' lang='lat' dir='ltr'>omne</span> 
     </span>
     <span class='ocr_line' id='line_1_9' title="bbox 146 553 900 590; baseline 0.003 -9"><span class='ocrx_word' id='word_1_44' title='bbox 146 553 322 588; x_wconf 86' lang='lat' dir='ltr'>politicum</span> <span class='ocrx_word' id='word_1_45' title='bbox 355 556 489 583; x_wconf 83' lang='lat' dir='ltr'>nostrae</span> <span class='ocrx_word' id='word_1_46' title='bbox 522 553 680 590; x_wconf 84' lang='lat' dir='ltr'>potestati</span> <span class='ocrx_word' id='word_1_47' title='bbox 713 554 900 590; x_wconf 84' lang='lat' dir='ltr'>subiaceat;</span> 
     </span>
     <span class='ocr_line' id='line_1_10' title="bbox 92 598 900 636; baseline 0.002 -9"><span class='ocrx_word' id='word_1_48' title='bbox 92 607 132 634; x_wconf 76' lang='lat'>40</span> <span class='ocrx_word' id='word_1_49' title='bbox 146 598 364 628; x_wconf 85' lang='lat' dir='ltr'>manifestum</span> <span class='ocrx_word' id='word_1_50' title='bbox 387 601 446 636; x_wconf 87' lang='lat' dir='ltr'>est,</span> <span class='ocrx_word' id='word_1_51' title='bbox 469 600 558 635; x_wconf 88' lang='lat' dir='ltr'>quod</span> <span class='ocrx_word' id='word_1_52' title='bbox 581 599 723 629; x_wconf 84' lang='lat' dir='ltr'>materia</span> <span class='ocrx_word' id='word_1_53' title='bbox 746 609 900 636; x_wconf 80' lang='lat' dir='ltr'>praesens</span> 
     </span>
     <span class='ocr_line' id='line_1_11' title="bbox 147 645 900 683; baseline 0.003 -10"><span class='ocrx_word' id='word_1_54' title='bbox 147 653 217 673; x_wconf 86' lang='lat' dir='ltr'>non</span> <span class='ocrx_word' id='word_1_55' title='bbox 237 646 280 674; x_wconf 82' lang='lat' dir='ltr'>ad</span> <span class='ocrx_word' id='word_1_56' title='bbox 301 645 562 681; x_wconf 78' lang='lat' dir='ltr'>speculationem</span> <span class='ocrx_word' id='word_1_57' title='bbox 582 655 642 682; x_wconf 91' lang='lat' dir='ltr'>per</span> <span class='ocrx_word' id='word_1_58' title='bbox 660 646 762 683; x_wconf 82' lang='lat' dir='ltr'>prius,</span> <span class='ocrx_word' id='word_1_59' title='bbox 781 646 837 675; x_wconf 89' lang='lat' dir='ltr'>sed</span> <span class='ocrx_word' id='word_1_60' title='bbox 857 647 900 675; x_wconf 88' lang='lat' dir='ltr'>ad</span> 
     </span>
     <span class='ocr_line' id='line_1_12' title="bbox 145 690 900 727; baseline 0.003 -9"><span class='ocrx_word' id='word_1_61' title='bbox 145 690 369 726; x_wconf 78' lang='lat' dir='ltr'>operationem</span> <span class='ocrx_word' id='word_1_62' title='bbox 393 691 578 721; x_wconf 88' lang='lat' dir='ltr'>ordinatur.</span> <span class='ocrx_word' id='word_1_63' title='bbox 631 691 766 727; x_wconf 81' lang='lat' dir='ltr'>Rursus,</span> <span class='ocrx_word' id='word_1_64' title='bbox 796 701 900 727; x_wconf 89' lang='lat' dir='ltr'>quum</span> 
     </span>
     <span class='ocr_line' id='line_1_13' title="bbox 143 734 901 772; baseline 0.001 -8"><span class='ocrx_word' id='word_1_65' title='bbox 143 734 180 764; x_wconf 92' lang='lat' dir='ltr'>in</span> <span class='ocrx_word' id='word_1_66' title='bbox 195 736 415 772; x_wconf 82' lang='lat' dir='ltr'>operabilibus</span> <span class='ocrx_word' id='word_1_67' title='bbox 435 736 639 772; x_wconf 86' lang='lat' dir='ltr'>principium</span> <span class='ocrx_word' id='word_1_68' title='bbox 659 739 694 765; x_wconf 87' lang='lat' dir='ltr'>et</span> <span class='ocrx_word' id='word_1_69' title='bbox 714 745 816 766; x_wconf 86' lang='lat' dir='ltr'>causa</span> <span class='ocrx_word' id='word_1_70' title='bbox 834 746 901 765; x_wconf 90' lang='lat' dir='ltr'>om-</span> 
     </span>
    </p>
   </div>
   <div class='ocr_carea' id='block_1_3' title="bbox 144 781 927 818">
    <p class='ocr_par' dir='ltr' id='par_1_3' title="bbox 144 781 927 818">
     <span class='ocr_line' id='line_1_14' title="bbox 144 781 927 818; baseline 0 -8"><span class='ocrx_word' id='word_1_71' title='bbox 144 781 241 810; x_wconf 88' lang='lat' dir='ltr'>nium</span> <span class='ocrx_word' id='word_1_72' title='bbox 251 781 295 810; x_wconf 86' lang='lat' dir='ltr'>sit</span> <span class='ocrx_word' id='word_1_73' title='bbox 309 781 449 811; x_wconf 84' lang='lat' dir='ltr'>ultimus</span> <span class='ocrx_word' id='word_1_74' title='bbox 462 782 540 810; x_wconf 88' lang='lat' dir='ltr'>finis</span> <span class='ocrx_word' id='word_1_75' title='bbox 553 784 674 818; x_wconf 89' lang='lat' dir='ltr'>(movet</span> <span class='ocrx_word' id='word_1_76' title='bbox 689 782 779 810; x_wconf 90' lang='lat' dir='ltr'>enim</span> <span class='ocrx_word' id='word_1_77' title='bbox 793 782 900 818; x_wconf 89' lang='lat' dir='ltr'>primo</span> <span class='ocrx_word' id='word_1_78' title='bbox 926 795 927 800; x_wconf 52' lang='lat'>¹</span> 
     </span>
    </p>
   </div>
   <div class='ocr_carea' id='block_1_4' title="bbox 90 827 900 866">
    <p class='ocr_par' dir='ltr' id='par_1_4' title="bbox 90 827 900 866">
     <span class='ocr_line' id='line_1_15' title="bbox 90 827 900 866; baseline 0 -11"><span class='ocrx_word' id='word_1_79' title='bbox 90 839 127 866; x_wconf 82' lang='lat'>45</span> <span class='ocrx_word' id='word_1_80' title='bbox 143 828 318 863; x_wconf 81' lang='lat' dir='ltr'>agentem),</span> <span class='ocrx_word' id='word_1_81' title='bbox 334 836 536 863; x_wconf 88' lang='lat' dir='ltr'>consequens</span> <span class='ocrx_word' id='word_1_82' title='bbox 555 830 614 864; x_wconf 88' lang='lat' dir='ltr'>est,</span> <span class='ocrx_word' id='word_1_83' title='bbox 628 830 668 857; x_wconf 88' lang='lat' dir='ltr'>ut</span> <span class='ocrx_word' id='word_1_84' title='bbox 687 827 796 856; x_wconf 88' lang='lat' dir='ltr'>omnis</span> <span class='ocrx_word' id='word_1_85' title='bbox 813 828 900 857; x_wconf 86' lang='lat' dir='ltr'>ratio</span> 
     </span>
    </p>
   </div>
   <div class='ocr_carea' id='block_1_5' title="bbox 545 122 1014 161">
    <p class='ocr_par' dir='ltr' id='par_1_5' title="bbox 545 122 1014 161">
     <span class='ocr_line' id='line_1_16' title="bbox 545 122 1014 161; baseline 0.002 -1"><span class='ocrx_word' id='word_1_86' title='bbox 545 123 617 160; x_wconf 85' lang='lat' dir='ltr'>DE</span> <span class='ocrx_word' id='word_1_87' title='bbox 646 122 988 160; x_wconf 89' lang='lat' dir='ltr'>MONARCHIA</span> <span class='ocrx_word' id='word_1_88' title='bbox 1006 137 1014 161; x_wconf 76' lang='grc' dir='ltr'><strong><em>ε</em></strong></span> 
     </span>
    </p>
   </div>
   <div class='ocr_carea' id='block_1_6' title="bbox 1055 123 1316 172">
    <p class='ocr_par' dir='ltr' id='par_1_6' title="bbox 1055 123 1316 172">
     <span class='ocr_line' id='line_1_17' title="bbox 1055 123 1316 172; baseline 0.004 -12"><span class='ocrx_word' id='word_1_89' title='bbox 1055 123 1083 160; x_wconf 91' lang='lat'>1.</span> <span class='ocrx_word' id='word_1_90' title='bbox 1109 124 1205 162; x_wconf 72' lang='lat' dir='ltr'>CAP.</span> <span class='ocrx_word' id='word_1_91' title='bbox 1230 137 1266 170; x_wconf 91' lang='lat'>2,</span> <span class='ocrx_word' id='word_1_92' title='bbox 1282 137 1316 172; x_wconf 85' lang='lat'>3.</span> 
     </span>
    </p>
   </div>
   <div class='ocr_carea' id='block_1_7' title="bbox 952 235 1763 546">
    <p class='ocr_par' dir='ltr' id='par_1_7' title="bbox 955 235 1710 363">
     <span class='ocr_line' id='line_1_18' title="bbox 955 235 1708 272; baseline 0 -8"><span class='ocrx_word' id='word_1_93' title='bbox 955 235 1116 264; x_wconf 81' lang='lat' dir='ltr'>essentiae</span> <span class='ocrx_word' id='word_1_94' title='bbox 1137 235 1291 271; x_wconf 80' lang='lat' dir='ltr'>operatio,</span> <span class='ocrx_word' id='word_1_95' title='bbox 1333 236 1430 264; x_wconf 85' lang='lat' dir='ltr'>Unde</span> <span class='ocrx_word' id='word_1_96' title='bbox 1454 238 1512 272; x_wconf 85' lang='lat' dir='ltr'>est,</span> <span class='ocrx_word' id='word_1_97' title='bbox 1533 236 1619 271; x_wconf 86' lang='lat' dir='ltr'>quod</span> <span class='ocrx_word' id='word_1_98' title='bbox 1641 244 1708 264; x_wconf 84' lang='lat' dir='ltr'>non</span> 
     </span>
     <span class='ocr_line' id='line_1_19' title="bbox 955 281 1710 317; baseline 0.004 -9"><span class='ocrx_word' id='word_1_99' title='bbox 955 281 1100 316; x_wconf 81' lang='lat' dir='ltr'>operatio</span> <span class='ocrx_word' id='word_1_100' title='bbox 1127 281 1259 316; x_wconf 81' lang='lat' dir='ltr'>propria</span> <span class='ocrx_word' id='word_1_101' title='bbox 1282 283 1416 317; x_wconf 82' lang='lat' dir='ltr'>propter</span> <span class='ocrx_word' id='word_1_102' title='bbox 1439 281 1626 317; x_wconf 84' lang='lat' dir='ltr'>essentiam,</span> <span class='ocrx_word' id='word_1_103' title='bbox 1652 282 1710 311; x_wconf 83' lang='lat' dir='ltr'>sed</span> 
     </span>
     <span class='ocr_line' id='line_1_20' title="bbox 955 325 1524 363; baseline 0.004 -9"><span class='ocrx_word' id='word_1_104' title='bbox 955 325 1037 355; x_wconf 85' lang='lat' dir='ltr'>haec</span> <span class='ocrx_word' id='word_1_105' title='bbox 1051 329 1184 363; x_wconf 88' lang='lat' dir='ltr'>propter</span> <span class='ocrx_word' id='word_1_106' title='bbox 1197 327 1291 355; x_wconf 87' lang='lat' dir='ltr'>illam</span> <span class='ocrx_word' id='word_1_107' title='bbox 1305 327 1405 356; x_wconf 85' lang='lat' dir='ltr'>habet</span> <span class='ocrx_word' id='word_1_108' title='bbox 1420 328 1458 355; x_wconf 85' lang='lat' dir='ltr'>ut</span> <span class='ocrx_word' id='word_1_109' title='bbox 1472 326 1524 356; x_wconf 86' lang='lat' dir='ltr'>sit.</span> 
     </span>
    </p>

    <p class='ocr_par' dir='ltr' id='par_1_8' title="bbox 952 371 1763 546">
     <span class='ocr_line' id='line_1_21' title="bbox 994 371 1763 409; baseline 0 -8"><span class='ocrx_word' id='word_1_110' title='bbox 994 372 1053 401; x_wconf 85' lang='lat' dir='ltr'>Est</span> <span class='ocrx_word' id='word_1_111' title='bbox 1081 381 1158 409; x_wconf 77' lang='lat' dir='ltr'>ergo</span> <span class='ocrx_word' id='word_1_112' title='bbox 1183 372 1296 408; x_wconf 84' lang='lat' dir='ltr'>aliqua</span> <span class='ocrx_word' id='word_1_113' title='bbox 1322 372 1456 408; x_wconf 83' lang='lat' dir='ltr'>propria</span> <span class='ocrx_word' id='word_1_114' title='bbox 1478 371 1624 408; x_wconf 85' lang='lat' dir='ltr'>operatio</span> <span class='ocrx_word' id='word_1_115' title='bbox 1647 372 1708 401; x_wconf 85' lang='lat' dir='ltr'>hu·</span> <span class='ocrx_word' id='word_1_116' title='bbox 1725 381 1763 408; x_wconf 76' lang='lat'>30</span> 
     </span>
     <span class='ocr_line' id='line_1_22' title="bbox 954 417 1708 454; baseline 0 -8"><span class='ocrx_word' id='word_1_117' title='bbox 954 427 1073 447; x_wconf 85' lang='lat' dir='ltr'>manae</span> <span class='ocrx_word' id='word_1_118' title='bbox 1082 417 1319 454; x_wconf 84' lang='lat' dir='ltr'>universitatis,</span> <span class='ocrx_word' id='word_1_119' title='bbox 1330 418 1372 446; x_wconf 87' lang='lat' dir='ltr'>ad</span> <span class='ocrx_word' id='word_1_120' title='bbox 1382 427 1482 454; x_wconf 88' lang='lat' dir='ltr'>quam</span> <span class='ocrx_word' id='word_1_121' title='bbox 1497 418 1568 454; x_wconf 88' lang='lat' dir='ltr'>ipsa</span> <span class='ocrx_word' id='word_1_122' title='bbox 1577 418 1708 447; x_wconf 83' lang='lat' dir='ltr'>univer·</span> 
     </span>
     <span class='ocr_line' id='line_1_23' title="bbox 953 462 1707 492; baseline 0.001 -1"><span class='ocrx_word' id='word_1_123' title='bbox 953 462 1035 492; x_wconf 88' lang='lat' dir='ltr'>sitas</span> <span class='ocrx_word' id='word_1_124' title='bbox 1067 463 1242 492; x_wconf 87' lang='lat' dir='ltr'>hominum</span> <span class='ocrx_word' id='word_1_125' title='bbox 1281 463 1318 491; x_wconf 89' lang='lat' dir='ltr'>in</span> <span class='ocrx_word' id='word_1_126' title='bbox 1352 466 1450 492; x_wconf 80' lang='lat' dir='ltr'>tanta</span> <span class='ocrx_word' id='word_1_127' title='bbox 1487 462 1707 492; x_wconf 80' lang='lat' dir='ltr'>multitudine</span> 
     </span>
     <span class='ocr_line' id='line_1_24' title="bbox 952 508 1707 546; baseline 0.001 -10"><span class='ocrx_word' id='word_1_128' title='bbox 952 508 1136 545; x_wconf 84' lang='lat' dir='ltr'>ordinatur,</span> <span class='ocrx_word' id='word_1_129' title='bbox 1152 510 1195 538; x_wconf 89' lang='lat' dir='ltr'>ad</span> <span class='ocrx_word' id='word_1_130' title='bbox 1215 518 1315 546; x_wconf 85' lang='lat' dir='ltr'>quam</span> <span class='ocrx_word' id='word_1_131' title='bbox 1334 509 1468 545; x_wconf 83' lang='lat' dir='ltr'>quidem</span> <span class='ocrx_word' id='word_1_132' title='bbox 1481 509 1707 544; x_wconf 71' lang='lat' dir='ltr'>operationem</span> 
     </span>
    </p>
   </div>
   <div class='ocr_carea' id='block_1_8' title="bbox 926 555 1708 592">
    <p class='ocr_par' dir='ltr' id='par_1_9' title="bbox 926 555 1708 592">
     <span class='ocr_line' id='line_1_25' title="bbox 926 555 1708 592; baseline 0.001 -9"><span class='ocrx_word' id='word_1_133' title='bbox 926 562 928 590; x_wconf 69' lang='lat' dir='ltr'>j</span> <span class='ocrx_word' id='word_1_134' title='bbox 953 563 1013 583; x_wconf 88' lang='lat' dir='ltr'>nec</span> <span class='ocrx_word' id='word_1_135' title='bbox 1032 555 1130 584; x_wconf 88' lang='lat' dir='ltr'>homo</span> <span class='ocrx_word' id='word_1_136' title='bbox 1144 564 1240 591; x_wconf 86' lang='lat' dir='ltr'>unus,</span> <span class='ocrx_word' id='word_1_137' title='bbox 1257 564 1318 584; x_wconf 88' lang='lat' dir='ltr'>nec</span> <span class='ocrx_word' id='word_1_138' title='bbox 1332 556 1449 584; x_wconf 88' lang='lat' dir='ltr'>domus</span> <span class='ocrx_word' id='word_1_139' title='bbox 1467 564 1545 592; x_wconf 83' lang='lat' dir='ltr'>una,</span> <span class='ocrx_word' id='word_1_140' title='bbox 1561 564 1623 584; x_wconf 85' lang='lat' dir='ltr'>nec</span> <span class='ocrx_word' id='word_1_141' title='bbox 1637 564 1708 584; x_wconf 78' lang='lat' dir='ltr'>una</span> 
     </span>
    </p>
   </div>
   <div class='ocr_carea' id='block_1_9' title="bbox 951 600 1756 683">
    <p class='ocr_par' dir='ltr' id='par_1_10' title="bbox 951 600 1756 683">
     <span class='ocr_line' id='line_1_26' title="bbox 951 600 1756 640; baseline 0.002 -11"><span class='ocrx_word' id='word_1_142' title='bbox 951 600 1083 637; x_wconf 87' lang='lat' dir='ltr'>vicinia,</span> <span class='ocrx_word' id='word_1_143' title='bbox 1116 610 1178 630; x_wconf 85' lang='lat' dir='ltr'>nec</span> <span class='ocrx_word' id='word_1_144' title='bbox 1209 610 1280 630; x_wconf 84' lang='lat' dir='ltr'>una</span> <span class='ocrx_word' id='word_1_145' title='bbox 1313 601 1438 637; x_wconf 79' lang='lat' dir='ltr'>civitas,</span> <span class='ocrx_word' id='word_1_146' title='bbox 1471 610 1532 630; x_wconf 90' lang='lat' dir='ltr'>nec</span> <span class='ocrx_word' id='word_1_147' title='bbox 1563 610 1706 638; x_wconf 77' lang='lat' dir='ltr'>regnum</span> <span class='ocrx_word' id='word_1_148' title='bbox 1721 611 1756 640; x_wconf 74' lang='lat'>35</span> 
     </span>
     <span class='ocr_line' id='line_1_27' title="bbox 951 646 1705 683; baseline 0.003 -9"><span class='ocrx_word' id='word_1_149' title='bbox 951 646 1151 682; x_wconf 78' lang='lat' dir='ltr'>particulare</span> <span class='ocrx_word' id='word_1_150' title='bbox 1158 646 1344 683; x_wconf 76' lang='lat' dir='ltr'>pertingere</span> <span class='ocrx_word' id='word_1_151' title='bbox 1350 649 1465 683; x_wconf 87' lang='lat' dir='ltr'>potest.</span> <span class='ocrx_word' id='word_1_152' title='bbox 1495 647 1585 681; x_wconf 82' lang='lat' dir='ltr'>Quae</span> <span class='ocrx_word' id='word_1_153' title='bbox 1592 649 1705 676; x_wconf 85' lang='lat' dir='ltr'>autem</span> 
     </span>
    </p>
   </div>
   <div class='ocr_carea' id='block_1_10' title="bbox 926 681 1706 774">
    <p class='ocr_par' dir='ltr' id='par_1_11' title="bbox 926 681 1706 774">
     <span class='ocr_line' id='line_1_28' title="bbox 926 681 1706 729; baseline 0.003 -9"><span class='ocrx_word' id='word_1_154' title='bbox 926 681 928 728; x_wconf 57' lang='lat' dir='ltr'><strong>f</strong></span> <span class='ocrx_word' id='word_1_155' title='bbox 950 692 995 720; x_wconf 83' lang='lat' dir='ltr'>sit</span> <span class='ocrx_word' id='word_1_156' title='bbox 1015 692 1085 729; x_wconf 87' lang='lat' dir='ltr'>illa,</span> <span class='ocrx_word' id='word_1_157' title='bbox 1107 693 1323 722; x_wconf 81' lang='lat' dir='ltr'>manifestum</span> <span class='ocrx_word' id='word_1_158' title='bbox 1345 693 1412 729; x_wconf 84' lang='lat' dir='ltr'>fiet,</span> <span class='ocrx_word' id='word_1_159' title='bbox 1434 692 1462 722; x_wconf 91' lang='lat' dir='ltr'>si</span> <span class='ocrx_word' id='word_1_160' title='bbox 1483 693 1643 722; x_wconf 88' lang='lat' dir='ltr'>ultimum</span> <span class='ocrx_word' id='word_1_161' title='bbox 1664 694 1706 722; x_wconf 87' lang='lat' dir='ltr'>de</span> 
     </span>
     <span class='ocr_line' id='line_1_29' title="bbox 926 730 1703 774; baseline 0.001 -8"><span class='ocrx_word' id='word_1_162' title='bbox 926 730 927 744; x_wconf 61' lang='lat'>¹</span> <span class='ocrx_word' id='word_1_163' title='bbox 950 738 1100 773; x_wconf 79' lang='lat' dir='ltr'>potentia</span> <span class='ocrx_word' id='word_1_164' title='bbox 1137 738 1239 767; x_wconf 74' lang='lat' dir='ltr'>totius</span> <span class='ocrx_word' id='word_1_165' title='bbox 1277 737 1501 767; x_wconf 82' lang='lat' dir='ltr'>humanitatis</span> <span class='ocrx_word' id='word_1_166' title='bbox 1536 740 1703 774; x_wconf 79' lang='lat' dir='ltr'>appareat.</span> 
     </span>
    </p>
   </div>
   <div class='ocr_carea' id='block_1_11' title="bbox 925 208 931 873">
    <p class='ocr_par' dir='ltr' id='par_1_12' title="bbox 925 208 931 873">
     <span class='ocr_line' id='line_1_30' title="bbox 925 208 931 873; baseline 0 0"><span class='ocrx_word' id='word_1_167' title='bbox 925 208 931 873; x_wconf 95' lang='lat' dir='ltr'> </span> 
     </span>
    </p>
   </div>
   <div class='ocr_carea' id='block_1_12' title="bbox 145 874 926 910">
    <p class='ocr_par' dir='ltr' id='par_1_13' title="bbox 145 874 926 910">
     <span class='ocr_line' id='line_1_31' title="bbox 145 874 926 910; baseline 0.003 -10"><span class='ocrx_word' id='word_1_168' title='bbox 145 881 259 901; x_wconf 85' lang='lat' dir='ltr'>corum</span> <span class='ocrx_word' id='word_1_169' title='bbox 280 882 364 909; x_wconf 85' lang='lat' dir='ltr'>quae</span> <span class='ocrx_word' id='word_1_170' title='bbox 385 875 465 902; x_wconf 88' lang='lat' dir='ltr'>sunt</span> <span class='ocrx_word' id='word_1_171' title='bbox 485 874 529 903; x_wconf 88' lang='lat' dir='ltr'>ad</span> <span class='ocrx_word' id='word_1_172' title='bbox 549 874 661 910; x_wconf 90' lang='lat' dir='ltr'>finem,</span> <span class='ocrx_word' id='word_1_173' title='bbox 681 874 723 902; x_wconf 84' lang='lat' dir='ltr'>ab</span> <span class='ocrx_word' id='word_1_174' title='bbox 743 874 814 910; x_wconf 86' lang='lat' dir='ltr'>ipso</span> <span class='ocrx_word' id='word_1_175' title='bbox 833 874 899 903; x_wconf 91' lang='lat' dir='ltr'>fine</span> <span class='ocrx_word' id='word_1_176' title='bbox 925 895 926 899; x_wconf 64' lang='lat'>,</span> 
     </span>
    </p>
   </div>
   <div class='ocr_carea' id='block_1_13' title="bbox 142 920 897 1000">
    <p class='ocr_par' dir='ltr' id='par_1_14' title="bbox 142 920 897 1000">
     <span class='ocr_line' id='line_1_32' title="bbox 142 920 304 949; baseline 0.019 -3"><span class='ocrx_word' id='word_1_177' title='bbox 142 920 304 949; x_wconf 84' lang='lat' dir='ltr'>sumatur.</span> 
     </span>
     <span class='ocr_line' id='line_1_33' title="bbox 142 963 897 1000; baseline 0.003 -9"><span class='ocrx_word' id='word_1_178' title='bbox 142 963 274 999; x_wconf 85' lang='lat' dir='ltr'>lignum</span> <span class='ocrx_word' id='word_1_179' title='bbox 302 967 437 1000; x_wconf 88' lang='lat' dir='ltr'>propter</span> <span class='ocrx_word' id='word_1_180' title='bbox 464 966 601 993; x_wconf 86' lang='lat' dir='ltr'>domum</span> <span class='ocrx_word' id='word_1_181' title='bbox 629 965 897 1000; x_wconf 79' lang='lat' dir='ltr'>construendam,</span> 
     </span>
    </p>
   </div>
   <div class='ocr_carea' id='block_1_14' title="bbox 348 919 899 948">
    <p class='ocr_par' dir='ltr' id='par_1_15' title="bbox 348 915 926 959">
     <span class='ocr_line' id='line_1_34' title="bbox 348 919 899 948; baseline 0 -1"><span class='ocrx_word' id='word_1_182' title='bbox 348 919 434 947; x_wconf 88' lang='lat' dir='ltr'>Nam</span> <span class='ocrx_word' id='word_1_183' title='bbox 453 919 520 948; x_wconf 84' lang='lat' dir='ltr'>alia</span> <span class='ocrx_word' id='word_1_184' title='bbox 538 919 602 948; x_wconf 90' lang='lat' dir='ltr'>erit</span> <span class='ocrx_word' id='word_1_185' title='bbox 620 919 707 948; x_wconf 90' lang='lat' dir='ltr'>ratio</span> <span class='ocrx_word' id='word_1_186' title='bbox 727 919 899 947; x_wconf 87' lang='lat' dir='ltr'>incidendi</span> 
     </span>
    </p>
   </div>
   <div class='ocr_carea' id='block_1_15' title="bbox 144 1009 926 1052">
    <p class='ocr_par' dir='ltr' id='par_1_16' title="bbox 144 1009 926 1052">
     <span class='ocr_line' id='line_1_35' title="bbox 144 1009 926 1052; baseline 0.001 -15"><span class='ocrx_word' id='word_1_187' title='bbox 144 1012 177 1038; x_wconf 87' lang='lat' dir='ltr'>ct</span> <span class='ocrx_word' id='word_1_188' title='bbox 204 1010 271 1038; x_wconf 84' lang='lat' dir='ltr'>alia</span> <span class='ocrx_word' id='word_1_189' title='bbox 293 1012 427 1046; x_wconf 86' lang='lat' dir='ltr'>propter</span> <span class='ocrx_word' id='word_1_190' title='bbox 451 1010 574 1040; x_wconf 81' lang='lat' dir='ltr'>navim.</span> <span class='ocrx_word' id='word_1_191' title='bbox 617 1010 710 1039; x_wconf 90' lang='lat' dir='ltr'>Illud</span> <span class='ocrx_word' id='word_1_192' title='bbox 732 1009 846 1046; x_wconf 86' lang='lat' dir='ltr'>igitur,</span> <span class='ocrx_word' id='word_1_193' title='bbox 871 1011 899 1038; x_wconf 91' lang='lat' dir='ltr'>si</span> <span class='ocrx_word' id='word_1_194' title='bbox 924 1046 926 1052; x_wconf 42' lang='grc' dir='ltr'>Ι</span> 
     </span>
    </p>
   </div>
   <div class='ocr_carea' id='block_1_16' title="bbox 91 1055 900 1456">
    <p class='ocr_par' dir='ltr' id='par_1_17' title="bbox 91 1055 900 1274">
     <span class='ocr_line' id='line_1_36' title="bbox 91 1055 900 1091; baseline 0.001 -9"><span class='ocrx_word' id='word_1_195' title='bbox 91 1064 128 1091; x_wconf 88' lang='lat'>50</span> <span class='ocrx_word' id='word_1_196' title='bbox 143 1055 225 1090; x_wconf 87' lang='lat' dir='ltr'>quid</span> <span class='ocrx_word' id='word_1_197' title='bbox 239 1057 297 1091; x_wconf 86' lang='lat' dir='ltr'>est,</span> <span class='ocrx_word' id='word_1_198' title='bbox 314 1055 401 1091; x_wconf 87' lang='lat' dir='ltr'>quod</span> <span class='ocrx_word' id='word_1_199' title='bbox 416 1058 465 1084; x_wconf 87' lang='lat' dir='ltr'>est</span> <span class='ocrx_word' id='word_1_200' title='bbox 485 1055 563 1084; x_wconf 87' lang='lat' dir='ltr'>finis</span> <span class='ocrx_word' id='word_1_201' title='bbox 581 1055 781 1084; x_wconf 85' lang='lat' dir='ltr'>universalis</span> <span class='ocrx_word' id='word_1_202' title='bbox 795 1055 900 1084; x_wconf 90' lang='lat' dir='ltr'>civili-</span> 
     </span>
     <span class='ocr_line' id='line_1_37' title="bbox 142 1100 897 1138; baseline 0.001 -10"><span class='ocrx_word' id='word_1_203' title='bbox 142 1100 222 1129; x_wconf 83' lang='lat' dir='ltr'>tatis</span> <span class='ocrx_word' id='word_1_204' title='bbox 236 1101 377 1129; x_wconf 87' lang='lat' dir='ltr'>humani</span> <span class='ocrx_word' id='word_1_205' title='bbox 388 1101 528 1138; x_wconf 85' lang='lat' dir='ltr'>generis,</span> <span class='ocrx_word' id='word_1_206' title='bbox 541 1101 604 1130; x_wconf 86' lang='lat' dir='ltr'>crit</span> <span class='ocrx_word' id='word_1_207' title='bbox 618 1101 673 1129; x_wconf 89' lang='lat' dir='ltr'>hic</span> <span class='ocrx_word' id='word_1_208' title='bbox 684 1100 897 1137; x_wconf 89' lang='lat' dir='ltr'>principium,</span> 
     </span>
     <span class='ocr_line' id='line_1_38' title="bbox 142 1146 899 1182; baseline 0.001 -8"><span class='ocrx_word' id='word_1_209' title='bbox 142 1155 200 1182; x_wconf 88' lang='lat' dir='ltr'>per</span> <span class='ocrx_word' id='word_1_210' title='bbox 221 1147 307 1182; x_wconf 85' lang='lat' dir='ltr'>quod</span> <span class='ocrx_word' id='word_1_211' title='bbox 328 1146 440 1175; x_wconf 86' lang='lat' dir='ltr'>omnia</span> <span class='ocrx_word' id='word_1_212' title='bbox 461 1155 544 1182; x_wconf 89' lang='lat' dir='ltr'>quae</span> <span class='ocrx_word' id='word_1_213' title='bbox 564 1146 705 1175; x_wconf 88' lang='lat' dir='ltr'>inferius</span> <span class='ocrx_word' id='word_1_214' title='bbox 727 1147 899 1182; x_wconf 79' lang='lat' dir='ltr'>probanda</span> 
     </span>
     <span class='ocr_line' id='line_1_39' title="bbox 141 1191 898 1228; baseline 0.001 -8"><span class='ocrx_word' id='word_1_215' title='bbox 141 1195 231 1228; x_wconf 86' lang='lat' dir='ltr'>sunt,</span> <span class='ocrx_word' id='word_1_216' title='bbox 248 1194 348 1220; x_wconf 87' lang='lat' dir='ltr'>erunt</span> <span class='ocrx_word' id='word_1_217' title='bbox 367 1192 546 1221; x_wconf 83' lang='lat' dir='ltr'>manifesta</span> <span class='ocrx_word' id='word_1_218' title='bbox 565 1191 776 1221; x_wconf 84' lang='lat' dir='ltr'>sufficienter.</span> <span class='ocrx_word' id='word_1_219' title='bbox 819 1193 898 1221; x_wconf 87' lang='lat' dir='ltr'>Esse</span> 
     </span>
     <span class='ocr_line' id='line_1_40' title="bbox 142 1237 898 1274; baseline 0.001 -8"><span class='ocrx_word' id='word_1_220' title='bbox 142 1239 255 1266; x_wconf 85' lang='lat' dir='ltr'>autem</span> <span class='ocrx_word' id='word_1_221' title='bbox 270 1238 370 1266; x_wconf 89' lang='lat' dir='ltr'>finem</span> <span class='ocrx_word' id='word_1_222' title='bbox 388 1237 489 1266; x_wconf 87' lang='lat' dir='ltr'>huius</span> <span class='ocrx_word' id='word_1_223' title='bbox 509 1237 682 1267; x_wconf 81' lang='lat' dir='ltr'>civilitatis</span> <span class='ocrx_word' id='word_1_224' title='bbox 700 1240 734 1267; x_wconf 87' lang='lat' dir='ltr'>et</span> <span class='ocrx_word' id='word_1_225' title='bbox 747 1237 847 1274; x_wconf 88' lang='lat' dir='ltr'>illius,</span> <span class='ocrx_word' id='word_1_226' title='bbox 863 1240 898 1267; x_wconf 90' lang='lat' dir='ltr'>et</span> 
     </span>
    </p>

    <p class='ocr_par' dir='ltr' id='par_1_18' title="bbox 92 1283 898 1359">
     <span class='ocr_line' id='line_1_41' title="bbox 92 1283 898 1321; baseline 0.004 -11"><span class='ocrx_word' id='word_1_227' title='bbox 92 1290 124 1317; x_wconf 81' lang='lat'>55</span> <span class='ocrx_word' id='word_1_228' title='bbox 141 1291 209 1311; x_wconf 90' lang='lat' dir='ltr'>non</span> <span class='ocrx_word' id='word_1_229' title='bbox 224 1291 292 1311; x_wconf 83' lang='lat' dir='ltr'>esse</span> <span class='ocrx_word' id='word_1_230' title='bbox 312 1293 419 1312; x_wconf 89' lang='lat' dir='ltr'>unum</span> <span class='ocrx_word' id='word_1_231' title='bbox 440 1283 592 1312; x_wconf 89' lang='lat' dir='ltr'>omnium</span> <span class='ocrx_word' id='word_1_232' title='bbox 612 1283 723 1321; x_wconf 87' lang='lat' dir='ltr'>finem,</span> <span class='ocrx_word' id='word_1_233' title='bbox 739 1284 898 1313; x_wconf 86' lang='lat' dir='ltr'>arbitrari</span> 
     </span>
     <span class='ocr_line' id='line_1_42' title="bbox 139 1329 354 1359; baseline 0.005 -2"><span class='ocrx_word' id='word_1_234' title='bbox 139 1329 283 1357; x_wconf 87' lang='lat' dir='ltr'>stultum</span> <span class='ocrx_word' id='word_1_235' title='bbox 297 1331 354 1359; x_wconf 86' lang='lat' dir='ltr'>est.</span> 
     </span>
    </p>

    <p class='ocr_par' dir='ltr' id='par_1_19' title="bbox 141 1374 894 1456">
     <span class='ocr_line' id='line_1_43' title="bbox 180 1374 894 1412; baseline 0 -9"><span class='ocrx_word' id='word_1_236' title='bbox 180 1374 256 1404; x_wconf 81' lang='grc' dir='ltr'><strong>ΙΙΙ.</strong></span> <span class='ocrx_word' id='word_1_237' title='bbox 272 1375 353 1410; x_wconf 91' lang='lat' dir='ltr'>(IV.)</span> <span class='ocrx_word' id='word_1_238' title='bbox 373 1375 472 1403; x_wconf 87' lang='lat' dir='ltr'>Nune</span> <span class='ocrx_word' id='word_1_239' title='bbox 495 1377 608 1404; x_wconf 81' lang='lat' dir='ltr'>autem</span> <span class='ocrx_word' id='word_1_240' title='bbox 632 1375 815 1404; x_wconf 84' lang='lat' dir='ltr'>videndum</span> <span class='ocrx_word' id='word_1_241' title='bbox 836 1377 894 1412; x_wconf 88' lang='lat' dir='ltr'>est,</span> 
     </span>
     <span class='ocr_line' id='line_1_44' title="bbox 141 1420 894 1456; baseline 0.001 -8"><span class='ocrx_word' id='word_1_242' title='bbox 141 1420 222 1456; x_wconf 89' lang='lat' dir='ltr'>quid</span> <span class='ocrx_word' id='word_1_243' title='bbox 242 1421 286 1448; x_wconf 85' lang='lat' dir='ltr'>sit</span> <span class='ocrx_word' id='word_1_244' title='bbox 304 1420 382 1449; x_wconf 83' lang='lat' dir='ltr'>finis</span> <span class='ocrx_word' id='word_1_245' title='bbox 401 1420 504 1449; x_wconf 85' lang='lat' dir='ltr'>totius</span> <span class='ocrx_word' id='word_1_246' title='bbox 524 1421 693 1450; x_wconf 81' lang='lat' dir='ltr'>humanae</span> <span class='ocrx_word' id='word_1_247' title='bbox 713 1421 894 1456; x_wconf 80' lang='lat' dir='ltr'>civilitatis,</span> 
     </span>
    </p>
   </div>
   <div class='ocr_carea' id='block_1_17' title="bbox 947 782 1763 1319">
    <p class='ocr_par' dir='ltr' id='par_1_20' title="bbox 947 782 1763 1319">
     <span class='ocr_line' id='line_1_45' title="bbox 951 782 1706 820; baseline 0.001 -9"><span class='ocrx_word' id='word_1_248' title='bbox 951 782 1033 811; x_wconf 90' lang='lat' dir='ltr'>Dico</span> <span class='ocrx_word' id='word_1_249' title='bbox 1059 792 1145 820; x_wconf 86' lang='lat' dir='ltr'>ergo,</span> <span class='ocrx_word' id='word_1_250' title='bbox 1174 784 1261 819; x_wconf 88' lang='lat' dir='ltr'>quod</span> <span class='ocrx_word' id='word_1_251' title='bbox 1292 783 1388 812; x_wconf 87' lang='lat' dir='ltr'>nulla</span> <span class='ocrx_word' id='word_1_252' title='bbox 1414 783 1474 819; x_wconf 84' lang='lat' dir='ltr'>vis,</span> <span class='ocrx_word' id='word_1_253' title='bbox 1503 793 1523 812; x_wconf 92' lang='lat' dir='ltr'>a</span> <span class='ocrx_word' id='word_1_254' title='bbox 1554 783 1706 819; x_wconf 84' lang='lat' dir='ltr'>pluribus</span> 
     </span>
     <span class='ocr_line' id='line_1_46' title="bbox 950 828 1763 865; baseline 0.001 -8"><span class='ocrx_word' id='word_1_255' title='bbox 950 828 1056 864; x_wconf 89' lang='lat' dir='ltr'>specie</span> <span class='ocrx_word' id='word_1_256' title='bbox 1080 828 1218 857; x_wconf 78' lang='lat' dir='ltr'>diversis</span> <span class='ocrx_word' id='word_1_257' title='bbox 1241 828 1451 865; x_wconf 84' lang='lat' dir='ltr'>participata,</span> <span class='ocrx_word' id='word_1_258' title='bbox 1473 829 1631 858; x_wconf 86' lang='lat' dir='ltr'>ultimum</span> <span class='ocrx_word' id='word_1_259' title='bbox 1655 831 1705 858; x_wconf 86' lang='lat' dir='ltr'>est</span> <span class='ocrx_word' id='word_1_260' title='bbox 1721 837 1763 864; x_wconf 75' lang='grc' dir='ltr'>4ο</span> 
     </span>
     <span class='ocr_line' id='line_1_47' title="bbox 950 873 1705 910; baseline 0.003 -9"><span class='ocrx_word' id='word_1_261' title='bbox 950 874 990 902; x_wconf 90' lang='lat' dir='ltr'>de</span> <span class='ocrx_word' id='word_1_262' title='bbox 1004 873 1154 909; x_wconf 86' lang='lat' dir='ltr'>potentia</span> <span class='ocrx_word' id='word_1_263' title='bbox 1167 874 1308 902; x_wconf 85' lang='lat' dir='ltr'>alicuius</span> <span class='ocrx_word' id='word_1_264' title='bbox 1321 874 1464 903; x_wconf 86' lang='lat' dir='ltr'>illorum.</span> <span class='ocrx_word' id='word_1_265' title='bbox 1501 874 1587 907; x_wconf 83' lang='lat' dir='ltr'>Quia</span> <span class='ocrx_word' id='word_1_266' title='bbox 1601 883 1705 910; x_wconf 88' lang='lat' dir='ltr'>quum</span> 
     </span>
     <span class='ocr_line' id='line_1_48' title="bbox 949 918 1705 955; baseline 0.003 -9"><span class='ocrx_word' id='word_1_267' title='bbox 949 918 1035 946; x_wconf 87' lang='lat' dir='ltr'>illud</span> <span class='ocrx_word' id='word_1_268' title='bbox 1061 919 1149 954; x_wconf 89' lang='lat' dir='ltr'>quod</span> <span class='ocrx_word' id='word_1_269' title='bbox 1169 920 1219 947; x_wconf 89' lang='lat' dir='ltr'>est</span> <span class='ocrx_word' id='word_1_270' title='bbox 1240 919 1400 948; x_wconf 89' lang='lat' dir='ltr'>ultimum</span> <span class='ocrx_word' id='word_1_271' title='bbox 1419 919 1497 955; x_wconf 89' lang='lat' dir='ltr'>tale,</span> <span class='ocrx_word' id='word_1_272' title='bbox 1519 919 1564 948; x_wconf 87' lang='lat' dir='ltr'>sit</span> <span class='ocrx_word' id='word_1_273' title='bbox 1584 919 1705 948; x_wconf 77' lang='lat' dir='ltr'>consti-</span> 
     </span>
     <span class='ocr_line' id='line_1_49' title="bbox 948 963 1704 1001; baseline 0.004 -10"><span class='ocrx_word' id='word_1_274' title='bbox 948 963 1097 992; x_wconf 83' lang='lat' dir='ltr'>tutivum</span> <span class='ocrx_word' id='word_1_275' title='bbox 1128 964 1258 1001; x_wconf 87' lang='lat' dir='ltr'>speciei,</span> <span class='ocrx_word' id='word_1_276' title='bbox 1289 967 1483 1001; x_wconf 86' lang='lat' dir='ltr'>sequeretur</span> <span class='ocrx_word' id='word_1_277' title='bbox 1515 965 1602 1001; x_wconf 85' lang='lat' dir='ltr'>quod</span> <span class='ocrx_word' id='word_1_278' title='bbox 1636 974 1704 994; x_wconf 81' lang='lat' dir='ltr'>una</span> 
     </span>
     <span class='ocr_line' id='line_1_50' title="bbox 949 1009 1703 1047; baseline 0.001 -9"><span class='ocrx_word' id='word_1_279' title='bbox 949 1009 1092 1038; x_wconf 80' lang='lat' dir='ltr'>essentia</span> <span class='ocrx_word' id='word_1_280' title='bbox 1109 1009 1262 1045; x_wconf 87' lang='lat' dir='ltr'>pluribus</span> <span class='ocrx_word' id='word_1_281' title='bbox 1282 1010 1451 1046; x_wconf 83' lang='lat' dir='ltr'>speciebus</span> <span class='ocrx_word' id='word_1_282' title='bbox 1472 1012 1558 1039; x_wconf 80' lang='lat' dir='ltr'>esset</span> <span class='ocrx_word' id='word_1_283' title='bbox 1577 1011 1703 1047; x_wconf 84' lang='lat' dir='ltr'>specifi-</span> 
     </span>
     <span class='ocr_line' id='line_1_51' title="bbox 949 1055 1756 1095; baseline 0.002 -12"><span class='ocrx_word' id='word_1_284' title='bbox 949 1056 1033 1091; x_wconf 84' lang='lat' dir='ltr'>cata,</span> <span class='ocrx_word' id='word_1_285' title='bbox 1049 1056 1135 1091; x_wconf 86' lang='lat' dir='ltr'>quod</span> <span class='ocrx_word' id='word_1_286' title='bbox 1149 1057 1199 1084; x_wconf 86' lang='lat' dir='ltr'>est</span> <span class='ocrx_word' id='word_1_287' title='bbox 1217 1055 1426 1091; x_wconf 86' lang='lat' dir='ltr'>impossibile.</span> <span class='ocrx_word' id='word_1_288' title='bbox 1468 1055 1544 1084; x_wconf 84' lang='lat' dir='ltr'>Non</span> <span class='ocrx_word' id='word_1_289' title='bbox 1558 1058 1608 1085; x_wconf 83' lang='lat' dir='ltr'>est</span> <span class='ocrx_word' id='word_1_290' title='bbox 1626 1065 1704 1093; x_wconf 83' lang='lat' dir='ltr'>ergo</span> <span class='ocrx_word' id='word_1_291' title='bbox 1717 1066 1756 1095; x_wconf 73' lang='lat'>⁴⁵</span> 
     </span>
     <span class='ocr_line' id='line_1_52' title="bbox 948 1099 1704 1136; baseline 0.003 -8"><span class='ocrx_word' id='word_1_292' title='bbox 948 1099 998 1128; x_wconf 90' lang='lat' dir='ltr'>vis</span> <span class='ocrx_word' id='word_1_293' title='bbox 1021 1099 1142 1129; x_wconf 87' lang='lat' dir='ltr'>ultima</span> <span class='ocrx_word' id='word_1_294' title='bbox 1165 1100 1202 1129; x_wconf 87' lang='lat' dir='ltr'>in</span> <span class='ocrx_word' id='word_1_295' title='bbox 1225 1100 1370 1136; x_wconf 85' lang='lat' dir='ltr'>homine,</span> <span class='ocrx_word' id='word_1_296' title='bbox 1395 1100 1507 1136; x_wconf 89' lang='lat' dir='ltr'>ipsum</span> <span class='ocrx_word' id='word_1_297' title='bbox 1534 1110 1603 1130; x_wconf 83' lang='lat' dir='ltr'>esse</span> <span class='ocrx_word' id='word_1_298' title='bbox 1627 1101 1704 1130; x_wconf 89' lang='lat' dir='ltr'>sim-</span> 
     </span>
     <span class='ocr_line' id='line_1_53' title="bbox 947 1144 1704 1183; baseline 0.004 -10"><span class='ocrx_word' id='word_1_299' title='bbox 947 1144 1080 1180; x_wconf 84' lang='lat' dir='ltr'>pliciter</span> <span class='ocrx_word' id='word_1_300' title='bbox 1089 1148 1269 1182; x_wconf 88' lang='lat' dir='ltr'>sumptum,</span> <span class='ocrx_word' id='word_1_301' title='bbox 1278 1145 1355 1181; x_wconf 84' lang='lat' dir='ltr'>quia</span> <span class='ocrx_word' id='word_1_302' title='bbox 1365 1146 1466 1174; x_wconf 75' lang='lat' dir='ltr'>etiam</span> <span class='ocrx_word' id='word_1_303' title='bbox 1475 1146 1523 1175; x_wconf 86' lang='lat' dir='ltr'>sic</span> <span class='ocrx_word' id='word_1_304' title='bbox 1532 1149 1704 1183; x_wconf 86' lang='lat' dir='ltr'>sumptum</span> 
     </span>
     <span class='ocr_line' id='line_1_54' title="bbox 948 1191 1704 1228; baseline 0.004 -9"><span class='ocrx_word' id='word_1_305' title='bbox 948 1191 990 1219; x_wconf 84' lang='lat' dir='ltr'>ab</span> <span class='ocrx_word' id='word_1_306' title='bbox 1005 1191 1178 1220; x_wconf 86' lang='lat' dir='ltr'>elementis</span> <span class='ocrx_word' id='word_1_307' title='bbox 1195 1191 1434 1228; x_wconf 85' lang='lat' dir='ltr'>participatur;</span> <span class='ocrx_word' id='word_1_308' title='bbox 1455 1201 1517 1221; x_wconf 86' lang='lat' dir='ltr'>nec</span> <span class='ocrx_word' id='word_1_309' title='bbox 1535 1201 1604 1222; x_wconf 85' lang='lat' dir='ltr'>esse</span> <span class='ocrx_word' id='word_1_310' title='bbox 1618 1202 1704 1222; x_wconf 89' lang='lat' dir='ltr'>com-</span> 
     </span>
     <span class='ocr_line' id='line_1_55' title="bbox 949 1237 1703 1274; baseline 0.003 -9"><span class='ocrx_word' id='word_1_311' title='bbox 949 1237 1187 1274; x_wconf 85' lang='lat' dir='ltr'>plexionatum,</span> <span class='ocrx_word' id='word_1_312' title='bbox 1199 1237 1278 1273; x_wconf 84' lang='lat' dir='ltr'>quia</span> <span class='ocrx_word' id='word_1_313' title='bbox 1290 1237 1355 1266; x_wconf 79' lang='lat' dir='ltr'>hoe</span> <span class='ocrx_word' id='word_1_314' title='bbox 1371 1237 1472 1266; x_wconf 81' lang='lat' dir='ltr'>etiam</span> <span class='ocrx_word' id='word_1_315' title='bbox 1486 1238 1652 1274; x_wconf 84' lang='lat' dir='ltr'>reperitur</span> <span class='ocrx_word' id='word_1_316' title='bbox 1665 1238 1703 1267; x_wconf 84' lang='lat' dir='ltr'>in</span> 
     </span>
     <span class='ocr_line' id='line_1_56' title="bbox 949 1282 1759 1319; baseline 0.004 -9"><span class='ocrx_word' id='word_1_317' title='bbox 949 1283 1166 1311; x_wconf 79' lang='lat' dir='ltr'>mineralibus</span> <span class='ocrx_word' id='word_1_318' title='bbox 1178 1293 1184 1319; x_wconf 92' lang='lat'>;</span> <span class='ocrx_word' id='word_1_319' title='bbox 1205 1291 1267 1311; x_wconf 89' lang='lat' dir='ltr'>nec</span> <span class='ocrx_word' id='word_1_320' title='bbox 1278 1291 1346 1311; x_wconf 86' lang='lat' dir='ltr'>esse</span> <span class='ocrx_word' id='word_1_321' title='bbox 1356 1282 1554 1319; x_wconf 79' lang='lat' dir='ltr'>animatum,</span> <span class='ocrx_word' id='word_1_322' title='bbox 1565 1283 1645 1319; x_wconf 84' lang='lat' dir='ltr'>quia</span> <span class='ocrx_word' id='word_1_323' title='bbox 1657 1283 1704 1313; x_wconf 87' lang='lat' dir='ltr'>sic</span> <span class='ocrx_word' id='word_1_324' title='bbox 1719 1290 1759 1318; x_wconf 83' lang='lat'>50</span> 
     </span>
    </p>
   </div>
   <div class='ocr_carea' id='block_1_18' title="bbox 922 1328 1702 1366">
    <p class='ocr_par' dir='ltr' id='par_1_21' title="bbox 922 1328 1702 1366">
     <span class='ocr_line' id='line_1_57' title="bbox 922 1328 1702 1366; baseline 0.001 -9"><span class='ocrx_word' id='word_1_325' title='bbox 922 1341 924 1344; x_wconf 54' lang='lat'><strong>⁴</strong></span> <span class='ocrx_word' id='word_1_326' title='bbox 949 1328 1050 1358; x_wconf 86' lang='lat' dir='ltr'>etiam</span> <span class='ocrx_word' id='word_1_327' title='bbox 1059 1329 1096 1358; x_wconf 91' lang='lat' dir='ltr'>in</span> <span class='ocrx_word' id='word_1_328' title='bbox 1106 1328 1246 1365; x_wconf 84' lang='lat' dir='ltr'>plantis;</span> <span class='ocrx_word' id='word_1_329' title='bbox 1265 1337 1327 1356; x_wconf 89' lang='lat' dir='ltr'>nec</span> <span class='ocrx_word' id='word_1_330' title='bbox 1335 1337 1404 1357; x_wconf 86' lang='lat' dir='ltr'>esse</span> <span class='ocrx_word' id='word_1_331' title='bbox 1413 1329 1702 1366; x_wconf 86' lang='lat' dir='ltr'>apprehensivum,</span> 
     </span>
    </p>
   </div>
   <div class='ocr_carea' id='block_1_19' title="bbox 142 1466 923 1506">
    <p class='ocr_par' dir='ltr' id='par_1_22' title="bbox 142 1466 923 1506">
     <span class='ocr_line' id='line_1_58' title="bbox 142 1466 923 1506; baseline 0.001 -12"><span class='ocrx_word' id='word_1_332' title='bbox 142 1475 206 1502; x_wconf 89' lang='lat' dir='ltr'>quo</span> <span class='ocrx_word' id='word_1_333' title='bbox 216 1466 295 1502; x_wconf 88' lang='lat' dir='ltr'>viso,</span> <span class='ocrx_word' id='word_1_334' title='bbox 306 1466 381 1502; x_wconf 87' lang='lat' dir='ltr'>plus</span> <span class='ocrx_word' id='word_1_335' title='bbox 391 1476 493 1502; x_wconf 86' lang='lat' dir='ltr'>quam</span> <span class='ocrx_word' id='word_1_336' title='bbox 505 1466 683 1495; x_wconf 86' lang='lat' dir='ltr'>dimidium</span> <span class='ocrx_word' id='word_1_337' title='bbox 693 1466 817 1495; x_wconf 86' lang='lat' dir='ltr'>laboris</span> <span class='ocrx_word' id='word_1_338' title='bbox 831 1467 897 1495; x_wconf 81' lang='lat' dir='ltr'>erit</span> <span class='ocrx_word' id='word_1_339' title='bbox 922 1500 923 1506; x_wconf 14' lang='grc' dir='ltr'>ἵ</span> 
     </span>
    </p>
   </div>
   <div class='ocr_carea' id='block_1_20' title="bbox 108 1511 896 1593">
    <p class='ocr_par' dir='ltr' id='par_1_23' title="bbox 108 1511 896 1593">
     <span class='ocr_line' id='line_1_59' title="bbox 140 1511 896 1548; baseline 0.001 -10"><span class='ocrx_word' id='word_1_340' title='bbox 140 1512 360 1548; x_wconf 86' lang='lat' dir='ltr'>transactum,</span> <span class='ocrx_word' id='word_1_341' title='bbox 376 1511 472 1540; x_wconf 85' lang='lat' dir='ltr'>iuxta</span> <span class='ocrx_word' id='word_1_342' title='bbox 490 1511 728 1547; x_wconf 82' lang='lat' dir='ltr'>Philosophum</span> <span class='ocrx_word' id='word_1_343' title='bbox 743 1512 786 1540; x_wconf 85' lang='lat' dir='ltr'>ad</span> <span class='ocrx_word' id='word_1_344' title='bbox 800 1511 896 1540; x_wconf 85' lang='lat' dir='ltr'>Nico-</span> 
     </span>
     <span class='ocr_line' id='line_1_60' title="bbox 108 1556 896 1593; baseline 0 -8"><span class='ocrx_word' id='word_1_345' title='bbox 108 1563 126 1590; x_wconf 89' lang='lat'><em>5</em></span> <span class='ocrx_word' id='word_1_346' title='bbox 142 1556 311 1586; x_wconf 82' lang='lat' dir='ltr'>maehum.</span> <span class='ocrx_word' id='word_1_347' title='bbox 351 1557 395 1585; x_wconf 86' lang='lat' dir='ltr'>Et</span> <span class='ocrx_word' id='word_1_348' title='bbox 417 1557 460 1585; x_wconf 90' lang='lat' dir='ltr'>ad</span> <span class='ocrx_word' id='word_1_349' title='bbox 484 1556 687 1586; x_wconf 88' lang='lat' dir='ltr'>evidentiam</span> <span class='ocrx_word' id='word_1_350' title='bbox 714 1557 785 1586; x_wconf 88' lang='lat' dir='ltr'>eius</span> <span class='ocrx_word' id='word_1_351' title='bbox 808 1557 896 1593; x_wconf 87' lang='lat' dir='ltr'>quod</span> 
     </span>
    </p>
   </div>
   <div class='ocr_carea' id='block_1_21' title="bbox 141 1599 922 1647">
    <p class='ocr_par' dir='ltr' id='par_1_24' title="bbox 141 1599 922 1647">
     <span class='ocr_line' id='line_1_61' title="bbox 141 1599 922 1647; baseline 0 -16"><span class='ocrx_word' id='word_1_352' title='bbox 141 1602 321 1639; x_wconf 85' lang='lat' dir='ltr'>quaeritur,</span> <span class='ocrx_word' id='word_1_353' title='bbox 347 1603 598 1639; x_wconf 85' lang='lat' dir='ltr'>advertendum,</span> <span class='ocrx_word' id='word_1_354' title='bbox 628 1604 715 1638; x_wconf 89' lang='lat' dir='ltr'>quod</span> <span class='ocrx_word' id='word_1_355' title='bbox 741 1599 896 1639; x_wconf 85' lang='lat' dir='ltr'>quemad·</span> <span class='ocrx_word' id='word_1_356' title='bbox 921 1634 922 1647; x_wconf 17' lang='grc' dir='ltr'>ἵ</span> 
     </span>
    </p>
   </div>
   <div class='ocr_carea' id='block_1_22' title="bbox 139 1648 896 1731">
    <p class='ocr_par' dir='ltr' id='par_1_25' title="bbox 139 1648 896 1731">
     <span class='ocr_line' id='line_1_62' title="bbox 139 1648 896 1685; baseline 0.001 -9"><span class='ocrx_word' id='word_1_357' title='bbox 139 1648 276 1677; x_wconf 87' lang='lat' dir='ltr'>modum</span> <span class='ocrx_word' id='word_1_358' title='bbox 290 1651 340 1677; x_wconf 88' lang='lat' dir='ltr'>est</span> <span class='ocrx_word' id='word_1_359' title='bbox 353 1649 432 1677; x_wconf 88' lang='lat' dir='ltr'>finis</span> <span class='ocrx_word' id='word_1_360' title='bbox 449 1649 570 1684; x_wconf 88' lang='lat' dir='ltr'>aliquis</span> <span class='ocrx_word' id='word_1_361' title='bbox 590 1650 633 1677; x_wconf 87' lang='lat' dir='ltr'>ad</span> <span class='ocrx_word' id='word_1_362' title='bbox 654 1658 752 1685; x_wconf 88' lang='lat' dir='ltr'>quem</span> <span class='ocrx_word' id='word_1_363' title='bbox 771 1652 896 1678; x_wconf 81' lang='lat' dir='ltr'>natura</span> 
     </span>
     <span class='ocr_line' id='line_1_63' title="bbox 139 1693 895 1731; baseline 0.003 -10"><span class='ocrx_word' id='word_1_364' title='bbox 139 1693 293 1728; x_wconf 84' lang='lat' dir='ltr'>producit</span> <span class='ocrx_word' id='word_1_365' title='bbox 323 1694 487 1731; x_wconf 86' lang='lat' dir='ltr'>pollicem,</span> <span class='ocrx_word' id='word_1_366' title='bbox 517 1696 550 1722; x_wconf 87' lang='lat' dir='ltr'>et</span> <span class='ocrx_word' id='word_1_367' title='bbox 576 1694 662 1722; x_wconf 90' lang='lat' dir='ltr'>alius</span> <span class='ocrx_word' id='word_1_368' title='bbox 688 1695 730 1723; x_wconf 90' lang='lat' dir='ltr'>ab</span> <span class='ocrx_word' id='word_1_369' title='bbox 755 1694 818 1723; x_wconf 90' lang='lat' dir='ltr'>hoc</span> <span class='ocrx_word' id='word_1_370' title='bbox 851 1696 895 1723; x_wconf 90' lang='lat' dir='ltr'>ad</span> 
     </span>
    </p>
   </div>
   <div class='ocr_carea' id='block_1_23' title="bbox 140 1740 921 1776">
    <p class='ocr_par' dir='ltr' id='par_1_26' title="bbox 140 1740 921 1776">
     <span class='ocr_line' id='line_1_64' title="bbox 140 1740 921 1776; baseline 0.003 -9"><span class='ocrx_word' id='word_1_371' title='bbox 140 1747 239 1774; x_wconf 89' lang='lat' dir='ltr'>quem</span> <span class='ocrx_word' id='word_1_372' title='bbox 259 1748 398 1768; x_wconf 88' lang='lat' dir='ltr'>manum</span> <span class='ocrx_word' id='word_1_373' title='bbox 418 1741 534 1776; x_wconf 87' lang='lat' dir='ltr'>totam,</span> <span class='ocrx_word' id='word_1_374' title='bbox 559 1742 593 1768; x_wconf 88' lang='lat' dir='ltr'>ct</span> <span class='ocrx_word' id='word_1_375' title='bbox 613 1749 727 1769; x_wconf 85' lang='lat' dir='ltr'>rursus</span> <span class='ocrx_word' id='word_1_376' title='bbox 747 1740 834 1769; x_wconf 85' lang='lat' dir='ltr'>alius</span> <span class='ocrx_word' id='word_1_377' title='bbox 852 1742 896 1769; x_wconf 90' lang='lat' dir='ltr'>ab</span> <span class='ocrx_word' id='word_1_378' title='bbox 920 1760 921 1765; x_wconf 62' lang='lat'>,</span> 
     </span>
    </p>
   </div>
   <div class='ocr_carea' id='block_1_24' title="bbox 91 1785 895 2096">
    <p class='ocr_par' dir='ltr' id='par_1_27' title="bbox 91 1785 895 2006">
     <span class='ocr_line' id='line_1_65' title="bbox 91 1785 894 1822; baseline 0.004 -10"><span class='ocrx_word' id='word_1_379' title='bbox 91 1791 126 1810; x_wconf 85' lang='lat'>10</span> <span class='ocrx_word' id='word_1_380' title='bbox 140 1787 281 1820; x_wconf 86' lang='lat' dir='ltr'>utroque</span> <span class='ocrx_word' id='word_1_381' title='bbox 301 1785 344 1813; x_wconf 87' lang='lat' dir='ltr'>ad</span> <span class='ocrx_word' id='word_1_382' title='bbox 365 1794 463 1821; x_wconf 85' lang='lat' dir='ltr'>quern</span> <span class='ocrx_word' id='word_1_383' title='bbox 482 1785 667 1822; x_wconf 82' lang='lat' dir='ltr'>brachium,</span> <span class='ocrx_word' id='word_1_384' title='bbox 683 1785 832 1822; x_wconf 85' lang='lat' dir='ltr'>aliusque</span> <span class='ocrx_word' id='word_1_385' title='bbox 852 1787 894 1815; x_wconf 91' lang='lat' dir='ltr'>ab</span> 
     </span>
     <span class='ocr_line' id='line_1_66' title="bbox 140 1831 894 1868; baseline 0.003 -10"><span class='ocrx_word' id='word_1_386' title='bbox 140 1831 292 1859; x_wconf 85' lang='lat' dir='ltr'>omnibus</span> <span class='ocrx_word' id='word_1_387' title='bbox 316 1832 359 1859; x_wconf 87' lang='lat' dir='ltr'>ad</span> <span class='ocrx_word' id='word_1_388' title='bbox 384 1840 483 1867; x_wconf 91' lang='lat' dir='ltr'>quem</span> <span class='ocrx_word' id='word_1_389' title='bbox 502 1832 613 1859; x_wconf 87' lang='lat' dir='ltr'>totum</span> <span class='ocrx_word' id='word_1_390' title='bbox 633 1831 825 1868; x_wconf 86' lang='lat' dir='ltr'>hominem;</span> <span class='ocrx_word' id='word_1_391' title='bbox 847 1832 894 1860; x_wconf 88' lang='lat' dir='ltr'>sic</span> 
     </span>
     <span class='ocr_line' id='line_1_67' title="bbox 138 1876 895 1914; baseline 0.003 -10"><span class='ocrx_word' id='word_1_392' title='bbox 138 1876 224 1905; x_wconf 81' lang='lat' dir='ltr'>alius</span> <span class='ocrx_word' id='word_1_393' title='bbox 251 1879 300 1905; x_wconf 85' lang='lat' dir='ltr'>est</span> <span class='ocrx_word' id='word_1_394' title='bbox 322 1877 399 1906; x_wconf 90' lang='lat' dir='ltr'>finis</span> <span class='ocrx_word' id='word_1_395' title='bbox 422 1878 465 1906; x_wconf 90' lang='lat' dir='ltr'>ad</span> <span class='ocrx_word' id='word_1_396' title='bbox 489 1886 588 1913; x_wconf 87' lang='lat' dir='ltr'>quem</span> <span class='ocrx_word' id='word_1_397' title='bbox 610 1877 815 1914; x_wconf 86' lang='lat' dir='ltr'>singularem</span> <span class='ocrx_word' id='word_1_398' title='bbox 837 1877 895 1906; x_wconf 87' lang='lat' dir='ltr'>ho-</span> 
     </span>
     <span class='ocr_line' id='line_1_68' title="bbox 138 1921 894 1959; baseline 0.003 -9"><span class='ocrx_word' id='word_1_399' title='bbox 138 1921 273 1959; x_wconf 91' lang='lat' dir='ltr'>minem,</span> <span class='ocrx_word' id='word_1_400' title='bbox 284 1922 369 1951; x_wconf 88' lang='lat' dir='ltr'>alius</span> <span class='ocrx_word' id='word_1_401' title='bbox 377 1923 420 1950; x_wconf 89' lang='lat' dir='ltr'>ad</span> <span class='ocrx_word' id='word_1_402' title='bbox 429 1931 527 1958; x_wconf 90' lang='lat' dir='ltr'>quem</span> <span class='ocrx_word' id='word_1_403' title='bbox 536 1922 669 1952; x_wconf 83' lang='lat' dir='ltr'>ordinat</span> <span class='ocrx_word' id='word_1_404' title='bbox 679 1923 894 1952; x_wconf 79' lang='lat' dir='ltr'>domesticam</span> 
     </span>
     <span class='ocr_line' id='line_1_69' title="bbox 139 1968 892 2006; baseline 0.003 -10"><span class='ocrx_word' id='word_1_405' title='bbox 139 1968 425 2005; x_wconf 81' lang='lat' dir='ltr'>communitatem,</span> <span class='ocrx_word' id='word_1_406' title='bbox 442 1969 528 1997; x_wconf 84' lang='lat' dir='ltr'>alius</span> <span class='ocrx_word' id='word_1_407' title='bbox 547 1969 590 1996; x_wconf 87' lang='lat' dir='ltr'>ad</span> <span class='ocrx_word' id='word_1_408' title='bbox 609 1978 709 2004; x_wconf 87' lang='lat' dir='ltr'>quem</span> <span class='ocrx_word' id='word_1_409' title='bbox 722 1969 892 2006; x_wconf 82' lang='lat' dir='ltr'>viciniam,</span> 
     </span>
    </p>

    <p class='ocr_par' dir='ltr' id='par_1_28' title="bbox 91 2014 893 2096">
     <span class='ocr_line' id='line_1_70' title="bbox 91 2014 893 2051; baseline 0.002 -10"><span class='ocrx_word' id='word_1_410' title='bbox 91 2022 121 2049; x_wconf 86' lang='lat'>¹5</span> <span class='ocrx_word' id='word_1_411' title='bbox 139 2015 171 2041; x_wconf 86' lang='lat' dir='ltr'>ct</span> <span class='ocrx_word' id='word_1_412' title='bbox 196 2014 282 2042; x_wconf 88' lang='lat' dir='ltr'>alius</span> <span class='ocrx_word' id='word_1_413' title='bbox 303 2015 346 2042; x_wconf 85' lang='lat' dir='ltr'>ad</span> <span class='ocrx_word' id='word_1_414' title='bbox 366 2023 464 2050; x_wconf 86' lang='lat' dir='ltr'>quem</span> <span class='ocrx_word' id='word_1_415' title='bbox 486 2014 666 2051; x_wconf 87' lang='lat' dir='ltr'>civitatem,</span> <span class='ocrx_word' id='word_1_416' title='bbox 689 2017 722 2043; x_wconf 86' lang='lat' dir='ltr'>et</span> <span class='ocrx_word' id='word_1_417' title='bbox 743 2015 830 2043; x_wconf 83' lang='lat' dir='ltr'>alius</span> <span class='ocrx_word' id='word_1_418' title='bbox 850 2016 893 2043; x_wconf 87' lang='lat' dir='ltr'>ad</span> 
     </span>
     <span class='ocr_line' id='line_1_71' title="bbox 138 2060 893 2096; baseline 0.003 -9"><span class='ocrx_word' id='word_1_419' title='bbox 138 2068 236 2095; x_wconf 88' lang='lat' dir='ltr'>quem</span> <span class='ocrx_word' id='word_1_420' title='bbox 264 2069 413 2095; x_wconf 87' lang='lat' dir='ltr'>regnum,</span> <span class='ocrx_word' id='word_1_421' title='bbox 442 2062 475 2088; x_wconf 83' lang='lat' dir='ltr'>et</span> <span class='ocrx_word' id='word_1_422' title='bbox 502 2060 644 2096; x_wconf 89' lang='lat' dir='ltr'>denique</span> <span class='ocrx_word' id='word_1_423' title='bbox 676 2060 818 2089; x_wconf 85' lang='lat' dir='ltr'>ultimus</span> <span class='ocrx_word' id='word_1_424' title='bbox 850 2062 893 2089; x_wconf 87' lang='lat' dir='ltr'>ad</span> 
     </span>
    </p>
   </div>
   <div class='ocr_carea' id='block_1_25' title="bbox 138 2106 919 2142">
    <p class='ocr_par' dir='ltr' id='par_1_29' title="bbox 138 2106 919 2142">
     <span class='ocr_line' id='line_1_72' title="bbox 138 2106 919 2142; baseline 0.003 -9"><span class='ocrx_word' id='word_1_425' title='bbox 138 2114 236 2141; x_wconf 88' lang='lat' dir='ltr'>quem</span> <span class='ocrx_word' id='word_1_426' title='bbox 247 2106 480 2134; x_wconf 83' lang='lat' dir='ltr'>universaliter</span> <span class='ocrx_word' id='word_1_427' title='bbox 489 2115 594 2142; x_wconf 87' lang='lat' dir='ltr'>genus</span> <span class='ocrx_word' id='word_1_428' title='bbox 605 2106 794 2135; x_wconf 91' lang='lat' dir='ltr'>humanum</span> <span class='ocrx_word' id='word_1_429' title='bbox 804 2107 893 2135; x_wconf 92' lang='lat' dir='ltr'>Deus</span> <span class='ocrx_word' id='word_1_430' title='bbox 917 2116 919 2128; x_wconf 72' lang='lat'><strong>⁴</strong></span> 
     </span>
    </p>
   </div>
   <div class='ocr_carea' id='block_1_26' title="bbox 83 2152 892 2554">
    <p class='ocr_par' dir='ltr' id='par_1_30' title="bbox 83 2152 892 2554">
     <span class='ocr_line' id='line_1_73' title="bbox 136 2152 892 2188; baseline 0.001 -9"><span class='ocrx_word' id='word_1_431' title='bbox 136 2152 292 2180; x_wconf 82' lang='lat' dir='ltr'>aeternus</span> <span class='ocrx_word' id='word_1_432' title='bbox 305 2153 377 2180; x_wconf 86' lang='lat' dir='ltr'>arte</span> <span class='ocrx_word' id='word_1_433' title='bbox 389 2160 456 2188; x_wconf 86' lang='lat' dir='ltr'>sua,</span> <span class='ocrx_word' id='word_1_434' title='bbox 470 2161 553 2187; x_wconf 86' lang='lat' dir='ltr'>quae</span> <span class='ocrx_word' id='word_1_435' title='bbox 567 2154 690 2180; x_wconf 85' lang='lat' dir='ltr'>natura</span> <span class='ocrx_word' id='word_1_436' title='bbox 700 2154 760 2188; x_wconf 87' lang='lat' dir='ltr'>est,</span> <span class='ocrx_word' id='word_1_437' title='bbox 773 2152 810 2180; x_wconf 90' lang='lat' dir='ltr'>in</span> <span class='ocrx_word' id='word_1_438' title='bbox 824 2161 892 2181; x_wconf 85' lang='lat' dir='ltr'>esse</span> 
     </span>
     <span class='ocr_line' id='line_1_74' title="bbox 135 2197 892 2234; baseline 0.003 -10"><span class='ocrx_word' id='word_1_439' title='bbox 135 2197 298 2231; x_wconf 87' lang='lat' dir='ltr'>producit.</span> <span class='ocrx_word' id='word_1_440' title='bbox 341 2198 385 2226; x_wconf 87' lang='lat' dir='ltr'>Et</span> <span class='ocrx_word' id='word_1_441' title='bbox 399 2198 461 2226; x_wconf 91' lang='lat' dir='ltr'>hoc</span> <span class='ocrx_word' id='word_1_442' title='bbox 475 2198 647 2233; x_wconf 83' lang='lat' dir='ltr'>quaeritur</span> <span class='ocrx_word' id='word_1_443' title='bbox 660 2198 715 2226; x_wconf 88' lang='lat' dir='ltr'>hic</span> <span class='ocrx_word' id='word_1_444' title='bbox 729 2199 892 2234; x_wconf 76' lang='lat' dir='ltr'>tanquam</span> 
     </span>
     <span class='ocr_line' id='line_1_75' title="bbox 83 2242 805 2280; baseline 0.006 -10"><span class='ocrx_word' id='word_1_445' title='bbox 83 2247 120 2266; x_wconf 84' lang='lat'>20</span> <span class='ocrx_word' id='word_1_446' title='bbox 135 2242 340 2279; x_wconf 86' lang='lat' dir='ltr'>principium</span> <span class='ocrx_word' id='word_1_447' title='bbox 354 2243 582 2280; x_wconf 84' lang='lat' dir='ltr'>inquisitionis</span> <span class='ocrx_word' id='word_1_448' title='bbox 597 2243 805 2274; x_wconf 84' lang='lat' dir='ltr'>directivum.</span> 
     </span>
     <span class='ocr_line' id='line_1_76' title="bbox 175 2287 891 2325; baseline 0.003 -10"><span class='ocrx_word' id='word_1_449' title='bbox 175 2287 313 2324; x_wconf 85' lang='lat' dir='ltr'>Propter</span> <span class='ocrx_word' id='word_1_450' title='bbox 326 2289 413 2324; x_wconf 91' lang='lat' dir='ltr'>quod</span> <span class='ocrx_word' id='word_1_451' title='bbox 427 2289 600 2317; x_wconf 87' lang='lat' dir='ltr'>sciendum</span> <span class='ocrx_word' id='word_1_452' title='bbox 612 2290 661 2317; x_wconf 88' lang='lat' dir='ltr'>est</span> <span class='ocrx_word' id='word_1_453' title='bbox 674 2289 792 2325; x_wconf 89' lang='lat' dir='ltr'>primo,</span> <span class='ocrx_word' id='word_1_454' title='bbox 805 2290 891 2324; x_wconf 88' lang='lat' dir='ltr'>quod</span> 
     </span>
     <span class='ocr_line' id='line_1_77' title="bbox 135 2333 891 2371; baseline 0.001 -9"><span class='ocrx_word' id='word_1_455' title='bbox 135 2333 224 2362; x_wconf 83' lang='lat' dir='ltr'>Deus</span> <span class='ocrx_word' id='word_1_456' title='bbox 251 2336 284 2362; x_wconf 86' lang='lat' dir='ltr'>et</span> <span class='ocrx_word' id='word_1_457' title='bbox 311 2336 434 2363; x_wconf 86' lang='lat' dir='ltr'>natura</span> <span class='ocrx_word' id='word_1_458' title='bbox 461 2334 511 2362; x_wconf 91' lang='lat' dir='ltr'>nil</span> <span class='ocrx_word' id='word_1_459' title='bbox 538 2335 681 2363; x_wconf 89' lang='lat' dir='ltr'>otiosum</span> <span class='ocrx_word' id='word_1_460' title='bbox 704 2335 804 2371; x_wconf 86' lang='lat' dir='ltr'>facit;</span> <span class='ocrx_word' id='word_1_461' title='bbox 834 2336 891 2363; x_wconf 88' lang='lat' dir='ltr'>sed</span> 
     </span>
     <span class='ocr_line' id='line_1_78' title="bbox 135 2379 890 2417; baseline 0.001 -9"><span class='ocrx_word' id='word_1_462' title='bbox 135 2379 296 2416; x_wconf 88' lang='lat' dir='ltr'>quidquid</span> <span class='ocrx_word' id='word_1_463' title='bbox 316 2380 428 2417; x_wconf 88' lang='lat' dir='ltr'>prodit</span> <span class='ocrx_word' id='word_1_464' title='bbox 448 2380 484 2408; x_wconf 91' lang='lat' dir='ltr'>in</span> <span class='ocrx_word' id='word_1_465' title='bbox 505 2389 582 2416; x_wconf 87' lang='lat' dir='ltr'>esse,</span> <span class='ocrx_word' id='word_1_466' title='bbox 606 2382 655 2409; x_wconf 84' lang='lat' dir='ltr'>est</span> <span class='ocrx_word' id='word_1_467' title='bbox 678 2381 722 2409; x_wconf 88' lang='lat' dir='ltr'>ad</span> <span class='ocrx_word' id='word_1_468' title='bbox 743 2381 890 2416; x_wconf 80' lang='lat' dir='ltr'>aliquam</span> 
     </span>
     <span class='ocr_line' id='line_1_79' title="bbox 135 2426 891 2461; baseline 0.001 -9"><span class='ocrx_word' id='word_1_469' title='bbox 135 2426 368 2461; x_wconf 82' lang='lat' dir='ltr'>operationem.</span> <span class='ocrx_word' id='word_1_470' title='bbox 425 2426 500 2454; x_wconf 89' lang='lat' dir='ltr'>Non</span> <span class='ocrx_word' id='word_1_471' title='bbox 527 2426 617 2455; x_wconf 88' lang='lat' dir='ltr'>enim</span> <span class='ocrx_word' id='word_1_472' title='bbox 649 2426 792 2454; x_wconf 83' lang='lat' dir='ltr'>essentia</span> <span class='ocrx_word' id='word_1_473' title='bbox 819 2426 891 2454; x_wconf 80' lang='lat' dir='ltr'>ulla</span> 
     </span>
     <span class='ocr_line' id='line_1_80' title="bbox 83 2472 890 2504; baseline 0.001 -5"><span class='ocrx_word' id='word_1_474' title='bbox 83 2478 117 2504; x_wconf 78' lang='lat'>25</span> <span class='ocrx_word' id='word_1_475' title='bbox 135 2474 246 2501; x_wconf 83' lang='lat' dir='ltr'>creata</span> <span class='ocrx_word' id='word_1_476' title='bbox 272 2473 412 2502; x_wconf 86' lang='lat' dir='ltr'>ultimus</span> <span class='ocrx_word' id='word_1_477' title='bbox 440 2472 517 2501; x_wconf 88' lang='lat' dir='ltr'>finis</span> <span class='ocrx_word' id='word_1_478' title='bbox 550 2475 599 2501; x_wconf 85' lang='lat' dir='ltr'>est</span> <span class='ocrx_word' id='word_1_479' title='bbox 634 2472 669 2500; x_wconf 90' lang='lat' dir='ltr'>in</span> <span class='ocrx_word' id='word_1_480' title='bbox 702 2472 890 2501; x_wconf 81' lang='lat' dir='ltr'>intentione</span> 
     </span>
     <span class='ocr_line' id='line_1_81' title="bbox 134 2517 890 2554; baseline -0.001 -8"><span class='ocrx_word' id='word_1_481' title='bbox 134 2518 287 2554; x_wconf 78' lang='lat' dir='ltr'>creantis¹</span> <span class='ocrx_word' id='word_1_482' title='bbox 303 2518 340 2546; x_wconf 91' lang='lat' dir='ltr'>in</span> <span class='ocrx_word' id='word_1_483' title='bbox 359 2520 523 2554; x_wconf 85' lang='lat' dir='ltr'>quantum</span> <span class='ocrx_word' id='word_1_484' title='bbox 542 2527 665 2554; x_wconf 85' lang='lat' dir='ltr'>creans,</span> <span class='ocrx_word' id='word_1_485' title='bbox 682 2518 739 2546; x_wconf 84' lang='lat' dir='ltr'>sed</span> <span class='ocrx_word' id='word_1_486' title='bbox 758 2517 890 2553; x_wconf 81' lang='lat' dir='ltr'>propria</span> 
     </span>
    </p>
   </div>
   <div class='ocr_carea' id='block_1_27' title="bbox 945 1373 1756 1776">
    <p class='ocr_par' dir='ltr' id='par_1_31' title="bbox 945 1373 1756 1776">
     <span class='ocr_line' id='line_1_82' title="bbox 948 1373 1704 1410; baseline 0.003 -8"><span class='ocrx_word' id='word_1_487' title='bbox 948 1373 1027 1409; x_wconf 81' lang='lat' dir='ltr'>quia</span> <span class='ocrx_word' id='word_1_488' title='bbox 1039 1373 1087 1403; x_wconf 86' lang='lat' dir='ltr'>sic</span> <span class='ocrx_word' id='word_1_489' title='bbox 1100 1376 1134 1403; x_wconf 88' lang='lat' dir='ltr'>et</span> <span class='ocrx_word' id='word_1_490' title='bbox 1147 1374 1369 1410; x_wconf 87' lang='lat' dir='ltr'>participatur</span> <span class='ocrx_word' id='word_1_491' title='bbox 1381 1382 1402 1402; x_wconf 89' lang='lat' dir='ltr'>a</span> <span class='ocrx_word' id='word_1_492' title='bbox 1418 1374 1525 1403; x_wconf 87' lang='lat' dir='ltr'>brutis</span> <span class='ocrx_word' id='word_1_493' title='bbox 1537 1384 1544 1410; x_wconf 91' lang='lat'>;</span> <span class='ocrx_word' id='word_1_494' title='bbox 1564 1375 1622 1404; x_wconf 87' lang='lat' dir='ltr'>sed</span> <span class='ocrx_word' id='word_1_495' title='bbox 1635 1383 1704 1404; x_wconf 80' lang='lat' dir='ltr'>esse</span> 
     </span>
     <span class='ocr_line' id='line_1_83' title="bbox 948 1418 1704 1456; baseline 0.001 -8"><span class='ocrx_word' id='word_1_496' title='bbox 948 1419 1227 1456; x_wconf 87' lang='lat' dir='ltr'>apprehensivum</span> <span class='ocrx_word' id='word_1_497' title='bbox 1259 1428 1319 1455; x_wconf 89' lang='lat' dir='ltr'>per</span> <span class='ocrx_word' id='word_1_498' title='bbox 1352 1418 1563 1448; x_wconf 84' lang='lat' dir='ltr'>intellectum</span> <span class='ocrx_word' id='word_1_499' title='bbox 1602 1420 1704 1455; x_wconf 83' lang='lat' dir='ltr'>possi-</span> 
     </span>
     <span class='ocr_line' id='line_1_84' title="bbox 947 1464 1702 1502; baseline 0.001 -9"><span class='ocrx_word' id='word_1_500' title='bbox 947 1465 1058 1502; x_wconf 88' lang='lat' dir='ltr'>bilem,</span> <span class='ocrx_word' id='word_1_501' title='bbox 1074 1466 1162 1501; x_wconf 90' lang='lat' dir='ltr'>quod</span> <span class='ocrx_word' id='word_1_502' title='bbox 1175 1464 1310 1501; x_wconf 86' lang='lat' dir='ltr'>quidem</span> <span class='ocrx_word' id='word_1_503' title='bbox 1324 1473 1392 1493; x_wconf 85' lang='lat' dir='ltr'>esse</span> <span class='ocrx_word' id='word_1_504' title='bbox 1406 1464 1494 1493; x_wconf 88' lang='lat' dir='ltr'>nulli</span> <span class='ocrx_word' id='word_1_505' title='bbox 1511 1465 1553 1494; x_wconf 86' lang='lat' dir='ltr'>ab</span> <span class='ocrx_word' id='word_1_506' title='bbox 1566 1464 1702 1494; x_wconf 80' lang='lat' dir='ltr'>homine</span> 
     </span>
     <span class='ocr_line' id='line_1_85' title="bbox 947 1510 1753 1548; baseline 0.002 -10"><span class='ocrx_word' id='word_1_507' title='bbox 947 1510 1007 1539; x_wconf 88' lang='lat' dir='ltr'>alii</span> <span class='ocrx_word' id='word_1_508' title='bbox 1026 1511 1184 1547; x_wconf 87' lang='lat' dir='ltr'>competit</span> <span class='ocrx_word' id='word_1_509' title='bbox 1203 1510 1257 1539; x_wconf 89' lang='lat' dir='ltr'>vel</span> <span class='ocrx_word' id='word_1_510' title='bbox 1277 1519 1378 1546; x_wconf 85' lang='lat' dir='ltr'>supra</span> <span class='ocrx_word' id='word_1_511' title='bbox 1397 1510 1450 1538; x_wconf 91' lang='lat' dir='ltr'>vel</span> <span class='ocrx_word' id='word_1_512' title='bbox 1472 1510 1573 1540; x_wconf 84' lang='lat' dir='ltr'>infra.</span> <span class='ocrx_word' id='word_1_513' title='bbox 1615 1511 1701 1539; x_wconf 87' lang='lat' dir='ltr'>Nam</span> <span class='ocrx_word' id='word_1_514' title='bbox 1717 1519 1753 1548; x_wconf 81' lang='grc'>55</span> 
     </span>
     <span class='ocr_line' id='line_1_86' title="bbox 947 1555 1703 1592; baseline 0 -8"><span class='ocrx_word' id='word_1_515' title='bbox 947 1555 1010 1584; x_wconf 88' lang='lat' dir='ltr'>etsi</span> <span class='ocrx_word' id='word_1_516' title='bbox 1028 1556 1113 1585; x_wconf 81' lang='lat' dir='ltr'>aliae</span> <span class='ocrx_word' id='word_1_517' title='bbox 1131 1558 1212 1585; x_wconf 89' lang='lat' dir='ltr'>sunt</span> <span class='ocrx_word' id='word_1_518' title='bbox 1225 1556 1386 1584; x_wconf 83' lang='lat' dir='ltr'>essentiae</span> <span class='ocrx_word' id='word_1_519' title='bbox 1399 1556 1610 1585; x_wconf 82' lang='lat' dir='ltr'>intellectum</span> <span class='ocrx_word' id='word_1_520' title='bbox 1628 1565 1703 1592; x_wconf 85' lang='lat' dir='ltr'>par-</span> 
     </span>
     <span class='ocr_line' id='line_1_87' title="bbox 946 1601 1701 1639; baseline 0.001 -9"><span class='ocrx_word' id='word_1_521' title='bbox 946 1602 1134 1639; x_wconf 87' lang='lat' dir='ltr'>ticipantes,</span> <span class='ocrx_word' id='word_1_522' title='bbox 1154 1611 1223 1630; x_wconf 90' lang='lat' dir='ltr'>non</span> <span class='ocrx_word' id='word_1_523' title='bbox 1240 1604 1354 1630; x_wconf 86' lang='lat' dir='ltr'>tamen</span> <span class='ocrx_word' id='word_1_524' title='bbox 1374 1601 1566 1631; x_wconf 85' lang='lat' dir='ltr'>intellectus</span> <span class='ocrx_word' id='word_1_525' title='bbox 1586 1611 1701 1631; x_wconf 78' lang='lat' dir='ltr'>earum</span> 
     </span>
     <span class='ocr_line' id='line_1_88' title="bbox 947 1647 1700 1685; baseline 0 -8"><span class='ocrx_word' id='word_1_526' title='bbox 947 1650 998 1677; x_wconf 82' lang='lat' dir='ltr'>est</span> <span class='ocrx_word' id='word_1_527' title='bbox 1020 1648 1184 1685; x_wconf 85' lang='lat' dir='ltr'>possibilis</span> <span class='ocrx_word' id='word_1_528' title='bbox 1204 1649 1245 1676; x_wconf 89' lang='lat' dir='ltr'>ut</span> <span class='ocrx_word' id='word_1_529' title='bbox 1263 1647 1420 1684; x_wconf 88' lang='lat' dir='ltr'>hominis,</span> <span class='ocrx_word' id='word_1_530' title='bbox 1440 1647 1519 1683; x_wconf 86' lang='lat' dir='ltr'>quia</span> <span class='ocrx_word' id='word_1_531' title='bbox 1539 1647 1700 1677; x_wconf 82' lang='lat' dir='ltr'>essentiae</span> 
     </span>
     <span class='ocr_line' id='line_1_89' title="bbox 945 1693 1698 1730; baseline -0.001 -8"><span class='ocrx_word' id='word_1_532' title='bbox 945 1694 1030 1722; x_wconf 84' lang='lat' dir='ltr'>tales</span> <span class='ocrx_word' id='word_1_533' title='bbox 1043 1694 1165 1730; x_wconf 85' lang='lat' dir='ltr'>species</span> <span class='ocrx_word' id='word_1_534' title='bbox 1176 1694 1337 1729; x_wconf 75' lang='lat' dir='ltr'>quaedam</span> <span class='ocrx_word' id='word_1_535' title='bbox 1350 1695 1431 1721; x_wconf 84' lang='lat' dir='ltr'>sunt</span> <span class='ocrx_word' id='word_1_536' title='bbox 1444 1693 1698 1729; x_wconf 87' lang='lat' dir='ltr'>intellectuales,</span> 
     </span>
     <span class='ocr_line' id='line_1_90' title="bbox 946 1738 1756 1776; baseline 0.002 -9"><span class='ocrx_word' id='word_1_537' title='bbox 946 1741 980 1768; x_wconf 88' lang='lat' dir='ltr'>et</span> <span class='ocrx_word' id='word_1_538' title='bbox 999 1748 1068 1768; x_wconf 93' lang='lat' dir='ltr'>non</span> <span class='ocrx_word' id='word_1_539' title='bbox 1081 1740 1183 1776; x_wconf 87' lang='lat' dir='ltr'>aliud,</span> <span class='ocrx_word' id='word_1_540' title='bbox 1199 1741 1233 1768; x_wconf 84' lang='lat' dir='ltr'>et</span> <span class='ocrx_word' id='word_1_541' title='bbox 1251 1748 1367 1768; x_wconf 83' lang='lat' dir='ltr'>earum</span> <span class='ocrx_word' id='word_1_542' title='bbox 1381 1747 1449 1767; x_wconf 87' lang='lat' dir='ltr'>esse</span> <span class='ocrx_word' id='word_1_543' title='bbox 1469 1738 1520 1767; x_wconf 88' lang='lat' dir='ltr'>nil</span> <span class='ocrx_word' id='word_1_544' title='bbox 1538 1740 1588 1767; x_wconf 84' lang='lat' dir='ltr'>est</span> <span class='ocrx_word' id='word_1_545' title='bbox 1606 1738 1700 1767; x_wconf 82' lang='lat' dir='ltr'>aliud</span> <span class='ocrx_word' id='word_1_546' title='bbox 1715 1741 1756 1769; x_wconf 89' lang='lat'>60</span> 
     </span>
    </p>
   </div>
   <div class='ocr_carea' id='block_1_28' title="bbox 919 1783 1701 1870">
    <p class='ocr_par' dir='ltr' id='par_1_32' title="bbox 919 1783 1701 1870">
     <span class='ocr_line' id='line_1_91' title="bbox 920 1783 1701 1821; baseline -0.003 -7"><span class='ocrx_word' id='word_1_547' title='bbox 920 1794 921 1799; x_wconf 63' lang='lat'>¹</span> <span class='ocrx_word' id='word_1_548' title='bbox 946 1794 1047 1821; x_wconf 82' lang='lat' dir='ltr'>quam</span> <span class='ocrx_word' id='word_1_549' title='bbox 1073 1785 1269 1821; x_wconf 83' lang='lat' dir='ltr'>intelligere,</span> <span class='ocrx_word' id='word_1_550' title='bbox 1298 1785 1385 1820; x_wconf 89' lang='lat' dir='ltr'>quod</span> <span class='ocrx_word' id='word_1_551' title='bbox 1418 1786 1468 1812; x_wconf 84' lang='lat' dir='ltr'>est</span> <span class='ocrx_word' id='word_1_552' title='bbox 1499 1784 1570 1812; x_wconf 90' lang='lat' dir='ltr'>sine</span> <span class='ocrx_word' id='word_1_553' title='bbox 1598 1783 1701 1812; x_wconf 84' lang='lat' dir='ltr'>inter-</span> 
     </span>
     <span class='ocr_line' id='line_1_92' title="bbox 919 1821 1697 1870; baseline 0 -11"><span class='ocrx_word' id='word_1_554' title='bbox 919 1821 921 1835; x_wconf 67' lang='lat'><em>*</em></span> <span class='ocrx_word' id='word_1_555' title='bbox 945 1830 1131 1870; x_wconf 81' lang='lat' dir='ltr'>polatione;</span> <span class='ocrx_word' id='word_1_556' title='bbox 1152 1830 1251 1859; x_wconf 82' lang='lat' dir='ltr'>aliter</span> <span class='ocrx_word' id='word_1_557' title='bbox 1263 1829 1483 1866; x_wconf 86' lang='lat' dir='ltr'>sempiternae</span> <span class='ocrx_word' id='word_1_558' title='bbox 1497 1838 1565 1858; x_wconf 87' lang='lat' dir='ltr'>non</span> <span class='ocrx_word' id='word_1_559' title='bbox 1579 1831 1697 1859; x_wconf 86' lang='lat' dir='ltr'>essent.</span> 
     </span>
    </p>
   </div>
   <div class='ocr_carea' id='block_1_29' title="bbox 946 1876 1701 1913">
    <p class='ocr_par' dir='ltr' id='par_1_33' title="bbox 946 1876 1701 1913">
     <span class='ocr_line' id='line_1_93' title="bbox 946 1876 1701 1913; baseline 0 -9"><span class='ocrx_word' id='word_1_560' title='bbox 946 1876 1043 1905; x_wconf 84' lang='lat' dir='ltr'>Patet</span> <span class='ocrx_word' id='word_1_561' title='bbox 1062 1876 1175 1913; x_wconf 85' lang='lat' dir='ltr'>igitur,</span> <span class='ocrx_word' id='word_1_562' title='bbox 1197 1876 1285 1912; x_wconf 89' lang='lat' dir='ltr'>quod</span> <span class='ocrx_word' id='word_1_563' title='bbox 1305 1876 1465 1904; x_wconf 86' lang='lat' dir='ltr'>ultimum</span> <span class='ocrx_word' id='word_1_564' title='bbox 1485 1877 1526 1904; x_wconf 85' lang='lat' dir='ltr'>de</span> <span class='ocrx_word' id='word_1_565' title='bbox 1549 1876 1701 1912; x_wconf 80' lang='lat' dir='ltr'>potentia</span> 
     </span>
    </p>
   </div>
   <div class='ocr_carea' id='block_1_30' title="bbox 919 1915 1700 1958">
    <p class='ocr_par' dir='ltr' id='par_1_34' title="bbox 919 1915 1700 1958">
     <span class='ocr_line' id='line_1_94' title="bbox 919 1915 1700 1958; baseline 0 -8"><span class='ocrx_word' id='word_1_566' title='bbox 919 1915 920 1919; x_wconf 33' lang='lat'>¹</span> <span class='ocrx_word' id='word_1_567' title='bbox 944 1922 1049 1958; x_wconf 90' lang='lat' dir='ltr'>ipsius</span> <span class='ocrx_word' id='word_1_568' title='bbox 1058 1922 1290 1958; x_wconf 86' lang='lat' dir='ltr'>humanitatis,</span> <span class='ocrx_word' id='word_1_569' title='bbox 1298 1923 1347 1950; x_wconf 85' lang='lat' dir='ltr'>est</span> <span class='ocrx_word' id='word_1_570' title='bbox 1355 1922 1506 1958; x_wconf 82' lang='lat' dir='ltr'>potentia</span> <span class='ocrx_word' id='word_1_571' title='bbox 1513 1922 1583 1951; x_wconf 89' lang='lat' dir='ltr'>sive</span> <span class='ocrx_word' id='word_1_572' title='bbox 1591 1922 1700 1951; x_wconf 84' lang='lat' dir='ltr'>virtus</span> 
     </span>
    </p>
   </div>
   <div class='ocr_carea' id='block_1_31' title="bbox 919 1965 1160 1998">
    <p class='ocr_par' dir='ltr' id='par_1_35' title="bbox 919 1965 1160 1998">
     <span class='ocr_line' id='line_1_95' title="bbox 919 1965 1160 1998; baseline 0.012 -3"><span class='ocrx_word' id='word_1_573' title='bbox 919 1965 920 1974; x_wconf 61' lang='lat'>¹</span> <span class='ocrx_word' id='word_1_574' title='bbox 944 1968 1160 1998; x_wconf 74' lang='lat' dir='ltr'>intellectiva.</span> 
     </span>
    </p>
   </div>
   <div class='ocr_carea' id='block_1_32' title="bbox 915 2017 920 2529">
    <p class='ocr_par' dir='ltr' id='par_1_36' title="bbox 915 2017 920 2529">
     <span class='ocr_line' id='line_1_96' title="bbox 915 2017 920 2529; baseline 0 0"><span class='ocrx_word' id='word_1_575' title='bbox 915 2017 920 2529; x_wconf 95' lang='lat' dir='ltr'> </span> 
     </span>
    </p>
   </div>
   <div class='ocr_carea' id='block_1_33' title="bbox 942 1974 1780 2552">
    <p class='ocr_par' dir='ltr' id='par_1_37' title="bbox 942 1974 1780 2551">
     <span class='ocr_line' id='line_1_97' title="bbox 1716 1974 1754 2007; baseline 0 0"><span class='ocrx_word' id='word_1_576' title='bbox 1716 1974 1754 2007; x_wconf 82' lang='lat'>⁶⁵</span> 
     </span>
     <span class='ocr_line' id='line_1_98' title="bbox 985 2012 1700 2049; baseline -0.001 -7"><span class='ocrx_word' id='word_1_577' title='bbox 985 2014 1030 2042; x_wconf 87' lang='lat' dir='ltr'>Et</span> <span class='ocrx_word' id='word_1_578' title='bbox 1049 2013 1128 2049; x_wconf 83' lang='lat' dir='ltr'>quia</span> <span class='ocrx_word' id='word_1_579' title='bbox 1145 2012 1296 2049; x_wconf 81' lang='lat' dir='ltr'>potentia</span> <span class='ocrx_word' id='word_1_580' title='bbox 1315 2012 1380 2042; x_wconf 89' lang='lat' dir='ltr'>ista</span> <span class='ocrx_word' id='word_1_581' title='bbox 1397 2022 1457 2049; x_wconf 88' lang='lat' dir='ltr'>per</span> <span class='ocrx_word' id='word_1_582' title='bbox 1472 2022 1580 2042; x_wconf 87' lang='lat' dir='ltr'>unum</span> <span class='ocrx_word' id='word_1_583' title='bbox 1594 2012 1700 2042; x_wconf 87' lang='lat' dir='ltr'>homi-</span> 
     </span>
     <span class='ocr_line' id='line_1_99' title="bbox 944 2059 1700 2095; baseline 0 -8"><span class='ocrx_word' id='word_1_584' title='bbox 944 2067 1031 2095; x_wconf 91' lang='lat' dir='ltr'>nem,</span> <span class='ocrx_word' id='word_1_585' title='bbox 1045 2068 1102 2088; x_wconf 87' lang='lat' dir='ltr'>seu</span> <span class='ocrx_word' id='word_1_586' title='bbox 1115 2068 1175 2095; x_wconf 90' lang='lat' dir='ltr'>per</span> <span class='ocrx_word' id='word_1_587' title='bbox 1187 2059 1335 2095; x_wconf 87' lang='lat' dir='ltr'>aliquam</span> <span class='ocrx_word' id='word_1_588' title='bbox 1347 2059 1602 2095; x_wconf 85' lang='lat' dir='ltr'>particularium</span> <span class='ocrx_word' id='word_1_589' title='bbox 1613 2068 1700 2087; x_wconf 89' lang='lat' dir='ltr'>com-</span> 
     </span>
     <span class='ocr_line' id='line_1_100' title="bbox 944 2104 1700 2140; baseline 0 -8"><span class='ocrx_word' id='word_1_590' title='bbox 944 2105 1152 2134; x_wconf 86' lang='lat' dir='ltr'>munitatum</span> <span class='ocrx_word' id='word_1_591' title='bbox 1178 2105 1329 2140; x_wconf 86' lang='lat' dir='ltr'>superius</span> <span class='ocrx_word' id='word_1_592' title='bbox 1355 2104 1602 2140; x_wconf 81' lang='lat' dir='ltr'>distinctarum,</span> <span class='ocrx_word' id='word_1_593' title='bbox 1627 2107 1700 2132; x_wconf 77' lang='lat' dir='ltr'>tota</span> 
     </span>
     <span class='ocr_line' id='line_1_101' title="bbox 943 2149 1698 2186; baseline 0 -8"><span class='ocrx_word' id='word_1_594' title='bbox 943 2150 1064 2179; x_wconf 75' lang='lat' dir='ltr'>simul*</span> <span class='ocrx_word' id='word_1_595' title='bbox 1055 2160 1092 2179; x_wconf 81' lang='grc'>111</span> <span class='ocrx_word' id='word_1_596' title='bbox 1103 2152 1217 2179; x_wconf 87' lang='lat' dir='ltr'>actum</span> <span class='ocrx_word' id='word_1_597' title='bbox 1227 2149 1341 2178; x_wconf 83' lang='lat' dir='ltr'>reduci</span> <span class='ocrx_word' id='word_1_598' title='bbox 1351 2159 1419 2178; x_wconf 88' lang='lat' dir='ltr'>non</span> <span class='ocrx_word' id='word_1_599' title='bbox 1429 2151 1551 2186; x_wconf 84' lang='lat' dir='ltr'>potest;</span> <span class='ocrx_word' id='word_1_600' title='bbox 1566 2158 1698 2178; x_wconf 82' lang='lat' dir='ltr'>necesse</span> 
     </span>
     <span class='ocr_line' id='line_1_102' title="bbox 943 2195 1780 2233; baseline -0.001 -9"><span class='ocrx_word' id='word_1_601' title='bbox 943 2197 992 2224; x_wconf 84' lang='lat' dir='ltr'>est</span> <span class='ocrx_word' id='word_1_602' title='bbox 1006 2195 1259 2224; x_wconf 85' lang='lat' dir='ltr'>multitudinem</span> <span class='ocrx_word' id='word_1_603' title='bbox 1273 2204 1341 2224; x_wconf 88' lang='lat' dir='ltr'>esse</span> <span class='ocrx_word' id='word_1_604' title='bbox 1354 2195 1391 2223; x_wconf 90' lang='lat' dir='ltr'>in</span> <span class='ocrx_word' id='word_1_605' title='bbox 1404 2195 1554 2224; x_wconf 84' lang='lat' dir='ltr'>humano</span> <span class='ocrx_word' id='word_1_606' title='bbox 1566 2203 1697 2232; x_wconf 83' lang='lat' dir='ltr'>genere,</span> <span class='ocrx_word' id='word_1_607' title='bbox 1714 2205 1780 2233; x_wconf 88' lang='lat'>7⁰</span> 
     </span>
     <span class='ocr_line' id='line_1_103' title="bbox 942 2241 1698 2277; baseline 0 -7"><span class='ocrx_word' id='word_1_608' title='bbox 942 2250 1001 2276; x_wconf 84' lang='lat' dir='ltr'>per</span> <span class='ocrx_word' id='word_1_609' title='bbox 1033 2251 1135 2277; x_wconf 87' lang='lat' dir='ltr'>quam</span> <span class='ocrx_word' id='word_1_610' title='bbox 1167 2242 1302 2277; x_wconf 89' lang='lat' dir='ltr'>quidem</span> <span class='ocrx_word' id='word_1_611' title='bbox 1332 2243 1405 2270; x_wconf 86' lang='lat' dir='ltr'>tota</span> <span class='ocrx_word' id='word_1_612' title='bbox 1435 2241 1584 2277; x_wconf 85' lang='lat' dir='ltr'>potentia</span> <span class='ocrx_word' id='word_1_613' title='bbox 1614 2241 1698 2270; x_wconf 80' lang='lat' dir='ltr'>haec</span> 
     </span>
     <span class='ocr_line' id='line_1_104' title="bbox 942 2286 1698 2317; baseline 0 -2"><span class='ocrx_word' id='word_1_614' title='bbox 942 2289 1104 2317; x_wconf 82' lang='lat' dir='ltr'>actuetur.</span> <span class='ocrx_word' id='word_1_615' title='bbox 1138 2287 1232 2316; x_wconf 82' lang='lat' dir='ltr'>Sicut</span> <span class='ocrx_word' id='word_1_616' title='bbox 1242 2296 1373 2316; x_wconf 86' lang='lat' dir='ltr'>necesse</span> <span class='ocrx_word' id='word_1_617' title='bbox 1384 2289 1433 2315; x_wconf 90' lang='lat' dir='ltr'>est</span> <span class='ocrx_word' id='word_1_618' title='bbox 1444 2286 1698 2315; x_wconf 84' lang='lat' dir='ltr'>multitudinem</span> 
     </span>
     <span class='ocr_line' id='line_1_105' title="bbox 942 2332 1699 2370; baseline 0 -9"><span class='ocrx_word' id='word_1_619' title='bbox 942 2342 1055 2361; x_wconf 86' lang='lat' dir='ltr'>rerum</span> <span class='ocrx_word' id='word_1_620' title='bbox 1087 2333 1337 2370; x_wconf 84' lang='lat' dir='ltr'>generabilium,</span> <span class='ocrx_word' id='word_1_621' title='bbox 1371 2335 1410 2361; x_wconf 83' lang='lat' dir='ltr'>ut</span> <span class='ocrx_word' id='word_1_622' title='bbox 1443 2332 1594 2368; x_wconf 75' lang='lat' dir='ltr'>potentia</span> <span class='ocrx_word' id='word_1_623' title='bbox 1625 2334 1699 2361; x_wconf 70' lang='lat' dir='ltr'>tota</span> 
     </span>
     <span class='ocr_line' id='line_1_106' title="bbox 943 2377 1696 2415; baseline -0.001 -8"><span class='ocrx_word' id='word_1_624' title='bbox 943 2379 1101 2407; x_wconf 83' lang='lat' dir='ltr'>materiae</span> <span class='ocrx_word' id='word_1_625' title='bbox 1127 2378 1255 2415; x_wconf 87' lang='lat' dir='ltr'>primae</span> <span class='ocrx_word' id='word_1_626' title='bbox 1281 2387 1410 2414; x_wconf 86' lang='lat' dir='ltr'>semper</span> <span class='ocrx_word' id='word_1_627' title='bbox 1437 2378 1497 2406; x_wconf 88' lang='lat' dir='ltr'>sub</span> <span class='ocrx_word' id='word_1_628' title='bbox 1523 2381 1603 2407; x_wconf 87' lang='lat' dir='ltr'>actu</span> <span class='ocrx_word' id='word_1_629' title='bbox 1633 2377 1696 2414; x_wconf 87' lang='lat' dir='ltr'>sit;</span> 
     </span>
     <span class='ocr_line' id='line_1_107' title="bbox 942 2424 1780 2472; baseline -0.001 -18.999"><span class='ocrx_word' id='word_1_630' title='bbox 942 2425 1040 2453; x_wconf 76' lang='lat' dir='ltr'>aliter</span> <span class='ocrx_word' id='word_1_631' title='bbox 1066 2427 1150 2453; x_wconf 85' lang='lat' dir='ltr'>esset</span> <span class='ocrx_word' id='word_1_632' title='bbox 1178 2426 1256 2453; x_wconf 79' lang='lat' dir='ltr'>dare</span> <span class='ocrx_word' id='word_1_633' title='bbox 1283 2424 1468 2460; x_wconf 73' lang='lat' dir='ltr'>potentiam</span> <span class='ocrx_word' id='word_1_634' title='bbox 1499 2426 1694 2460; x_wconf 80' lang='lat' dir='ltr'>separatam,</span> <span class='ocrx_word' id='word_1_635' title='bbox 1713 2433 1775 2463; x_wconf 82' lang='lat'>75</span> <span class='ocrx_word' id='word_1_636' title='bbox 1767 2432 1780 2472; x_wconf 68' lang='lat'>⁴¹</span> 
     </span>
     <span class='ocr_line' id='line_1_108' title="bbox 942 2469 1695 2506; baseline -0.001 -7"><span class='ocrx_word' id='word_1_637' title='bbox 942 2471 1029 2506; x_wconf 85' lang='lat' dir='ltr'>quod</span> <span class='ocrx_word' id='word_1_638' title='bbox 1044 2474 1093 2499; x_wconf 87' lang='lat' dir='ltr'>est</span> <span class='ocrx_word' id='word_1_639' title='bbox 1107 2470 1318 2506; x_wconf 87' lang='lat' dir='ltr'>impossibile.</span> <span class='ocrx_word' id='word_1_640' title='bbox 1361 2471 1405 2498; x_wconf 84' lang='lat' dir='ltr'>Et</span> <span class='ocrx_word' id='word_1_641' title='bbox 1419 2470 1497 2499; x_wconf 89' lang='lat' dir='ltr'>huic</span> <span class='ocrx_word' id='word_1_642' title='bbox 1511 2469 1695 2499; x_wconf 80' lang='lat' dir='ltr'>sententiae</span> 
     </span>
     <span class='ocr_line' id='line_1_109' title="bbox 942 2515 1696 2552; baseline 0 -8"><span class='ocrx_word' id='word_1_643' title='bbox 942 2517 1119 2545; x_wconf 88' lang='lat' dir='ltr'>concordat</span> <span class='ocrx_word' id='word_1_644' title='bbox 1139 2516 1301 2552; x_wconf 84' lang='lat' dir='ltr'>Averrois,</span> <span class='ocrx_word' id='word_1_645' title='bbox 1323 2515 1359 2544; x_wconf 89' lang='lat' dir='ltr'>in</span> <span class='ocrx_word' id='word_1_646' title='bbox 1382 2516 1574 2545; x_wconf 82' lang='lat' dir='ltr'>commento</span> <span class='ocrx_word' id='word_1_647' title='bbox 1597 2524 1696 2551; x_wconf 85' lang='lat' dir='ltr'>super</span> 
     </span>
    </p>
   </div>
   <div class='ocr_carea' id='block_1_34' title="bbox 1756 2556 1780 2820">
    <p class='ocr_par' dir='ltr' id='par_1_38' title="bbox 1756 2556 1780 2820">
     <span class='ocr_line' id='line_1_110' title="bbox 1756 2556 1780 2820; baseline 0 0"><span class='ocrx_word' id='word_1_648' title='bbox 1756 2556 1780 2820; x_wconf 95' lang='lat' dir='ltr'> </span> 
     </span>
    </p>
   </div>
  </div>
 </body>
</html>
