1780 2820
166 147 237 194 358

168 257 232 286 bile
253 258 386 294 quidem
404 258 495 287 enim
510 261 543 288 et
563 258 625 288 uni
644 259 725 296 soli;
747 259 866 289 melius
887 262 921 289 et

168 302 315 332 divinius
335 313 412 332 vero
435 304 527 340 genti
551 306 584 333 ct
605 303 754 334 civitati.’
795 305 839 333 Et
859 305 921 334 hoc

116 358 152 377 20
168 347 329 377 iudicium
344 349 404 378 Dei
419 352 486 386 est;
508 349 606 378 aliter
619 350 771 378 humana
784 350 871 378 ratio
884 350 920 378 in

168 402 229 422 sua
248 394 450 423 rectitudine
470 403 539 423 non
564 397 757 431 sequeretur
779 398 921 424 naturae

167 438 400 475 intentionem,
417 440 504 475 quod
519 442 569 468 est
583 439 795 476 impossibile.

208 485 375 522 Quaedam
400 485 501 514 etiam
523 485 649 515 iudicia
673 485 736 514 Dei
762 487 852 523 sunt,
878 487 922 515 ad

167 539 259 567 quae,
276 530 338 559 etsi
358 530 506 560 humana
525 531 612 559 ratio
633 540 673 560 ex
693 531 838 568 propriis
851 541 923 567 per-

118 585 149 610 25
167 576 295 612 tingere
323 576 449 613 nequit,
474 576 625 606 elevatur
648 578 764 606 tamen
792 578 836 606 ad
862 577 923 605 illa

168 630 244 650 cum
258 621 422 650 adiutorio
436 622 513 650 fidei
531 631 645 651 eorum
663 631 746 658 quae
764 622 801 651 111
820 622 923 652 sacris

167 667 273 695 literis
297 667 390 696 nobis
414 667 505 696 dicta
528 669 627 703 sunt;
658 667 745 696 sicut
771 668 815 696 ad
841 668 924 697 hoc:

170 712 262 746 Quod
285 722 391 750 nemo,
414 715 721 749 quantumcumque
742 714 923 743 moralibus

169 760 202 786 et
212 757 493 787 intellectualibus
499 759 689 795 virtutibus,
698 761 732 788 et
740 760 923 788 secundum

117 812 152 838 30
169 804 323 832 habitum
345 806 379 833 et
403 805 586 834 secundum
606 805 831 840 operationem
852 814 924 841 per-

169 849 283 886 fectus,
309 850 430 886 absque
458 850 523 879 fide
548 850 671 879 salvari
699 852 818 887 potest,
846 851 924 879 dato

169 895 256 930 quod
277 903 451 931 nunquam
471 895 596 931 aliquid
618 897 658 924 de
681 896 813 924 Christo
832 896 924 925 audi-

169 940 270 976 verit;
312 949 392 968 nam
418 940 482 968 1100
508 940 595 969 ratio
622 941 772 969 humana
803 950 864 977 per
889 949 924 970 se

170 984 297 1013 iustum
323 985 450 1014 intueri
476 994 545 1014 non
571 987 688 1023 potest,
717 986 782 1015 fide
809 988 923 1015 tamen

119 1038 152 1064 35
170 1030 286 1059 adiuta
318 1032 435 1067 potest.
488 1031 657 1067 Scriptum
685 1033 734 1060 est
763 1031 856 1060 enim
880 1032 925 1060 ad

170 1075 356 1104 Hebraeos:
398 1075 621 1112 ‘Impossibile
662 1078 711 1105 est
748 1076 819 1105 sine
859 1076 925 1105 fide

170 1121 300 1157 placere
327 1122 414 1151 Deo!
463 1122 507 1151 Et
534 1121 571 1150 in
599 1122 767 1151 Levitico:
802 1122 926 1150 ‘Homo

172 1166 309 1203 quilibet
339 1168 379 1196 de
413 1168 508 1196 domo
535 1168 647 1204 Israel,
675 1167 735 1203 qui
767 1167 926 1196 occiderit

170 1214 296 1249 bovem,
312 1214 372 1242 aut
392 1222 495 1250 ovem,
511 1216 571 1242 aut
592 1223 728 1249 capram
748 1213 786 1241 in
807 1213 927 1242 castris

116 1267 155 1293 40
171 1258 224 1287 vel
233 1259 328 1287 extra
337 1260 454 1295 castra,
463 1261 496 1288 et
505 1268 574 1288 non
582 1259 741 1288 obtulerit
749 1259 793 1287 ad
802 1258 926 1287 ostium

170 1304 379 1332 tabernaculi
385 1304 587 1333 oblationem
594 1304 744 1341 Domino,
752 1304 928 1340 sanguinis

170 1357 246 1378 reus
261 1349 344 1378 erit.’
385 1350 515 1378 Ostium
534 1349 742 1379 tabernaculi
756 1350 927 1379 Christum

171 1395 303 1431 figurat,
320 1395 377 1430 qui
396 1397 446 1424 est
466 1395 588 1423 ostium
601 1395 765 1424 conclavis
785 1394 925 1430 aeterni,

172 1442 211 1468 ut
226 1449 266 1469 ex
280 1440 460 1476 Evangelio
474 1440 550 1468 elici
569 1442 678 1476 potest
691 1451 698 1469 ε
718 1440 836 1469 occisio
855 1440 927 1469 ani-

119 1495 137 1522 4
141 1494 157 1521 5
173 1487 312 1515 malium
326 1486 531 1522 operationes
543 1487 717 1517 humanas.

214 1532 390 1561 Occultum
416 1541 493 1561 vero
520 1534 571 1561 est
597 1532 760 1561 iudicium
786 1531 858 1569 Dei,
883 1532 927 1560 ad

173 1578 261 1613 quod
287 1577 436 1606 humana
461 1578 557 1614 ratio,
586 1587 648 1606 nec
673 1578 745 1614 lege
771 1579 926 1614 naturae,

172 1632 235 1652 nec
248 1624 319 1660 lege
333 1623 526 1660 scripturae,
541 1624 599 1653 sed
613 1624 653 1653 de
671 1623 781 1660 gratia
792 1624 929 1660 specis-li

173 1669 370 1705 quandoque
396 1669 568 1706 pertingit,
597 1670 684 1705 quod
710 1670 750 1698 fit
775 1670 928 1706 pluribus

121 1724 159 1750 51)
173 1715 301 1744 modis:
331 1715 529 1751 quandoque
548 1715 693 1751 simplici
714 1715 925 1752 revelatione,

174 1760 370 1796 quandoque
383 1760 584 1789 revelatione
598 1761 836 1796 disceptatione
850 1770 928 1797 qua-

175 1807 253 1834 dam
266 1805 443 1835 mediante.
484 1806 636 1841 Simplici
648 1806 850 1835 revelatione
869 1807 929 1834 du-

174 1851 325 1887 pliciter:
358 1852 417 1879 aut
444 1853 563 1886 sponte
590 1850 661 1888 Dei,
688 1852 749 1879 aut
779 1851 929 1880 oratione

174 1896 385 1932 impetrante.
428 1896 552 1931 Sponte
573 1896 635 1925 Dei
654 1896 851 1932 dupliciter:
869 1898 931 1925 aut

123 1949 159 1975 55
176 1951 334 1979 expresse,
346 1945 404 1971 aut
414 1951 473 1978 per
483 1942 624 1979 signum.
660 1943 829 1979 Expresse,
841 1942 931 1971 sicut

176 1985 361 2017 revelatum
374 1988 444 2025 ,fuit
463 1988 627 2016 iudicium
646 1988 793 2017 Samueli
812 1990 932 2017 contra

177 2034 330 2070 Saulem3
368 2043 428 2070 per
460 2034 605 2070 signum,
639 2034 728 2063 sicut
761 2033 931 2063 Pharaoni

176 2079 362 2108 revelatum
395 2079 461 2107 fuit
493 2088 552 2114 per
585 2079 690 2115 signa,
720 2080 807 2115 quod
841 2080 931 2108 Deus

176 2124 382 2164 iudicaverat
397 2125 437 2152 de
450 2123 646 2152 liberatione
657 2124 804 2153 filiorum
815 2124 928 2154 Israel.

123 2173 163 2199 60
179 2169 335 2199 Oratione
361 2170 573 2206 impetrante,
602 2171 692 2206 quod
719 2171 845 2199 sciebat
871 2170 933 2206 qui

179 2216 310 2244 dicebat
323 2216 468 2244 secundo
487 2215 763 2251 Paralipomenon
777 2227 784 2245 :
807 2216 931 2250 ‘Quum

178 2262 369 2298 ignoremus
377 2261 457 2297 quid
463 2270 558 2297 agere
568 2262 744 2291 debeamus
753 2262 815 2290 1100
825 2262 931 2290 solum

178 2308 339 2337 habemus
358 2307 491 2344 residui,
508 2308 596 2343 quod
609 2308 720 2336 oculos
740 2309 869 2336 nostros
889 2308 932 2336 ad

179 2355 223 2383 'l'e
237 2353 438 2389 dirigamus!

125 2395 164 2430 65
219 2398 465 2434 Disceptatione
473 2407 550 2427 vero
559 2398 727 2427 mediante
739 2398 934 2434 dupliciter:

180 2446 239 2474 aut
253 2446 350 2481 sorte,
361 2446 421 2473 aut
430 2444 622 2473 certamine.
646 2446 780 2473 certare
795 2444 929 2480 etenim,

179 2491 221 2519 ab
235 2499 273 2519 eo
287 2491 373 2527 quod
388 2492 437 2519 cst
451 2492 580 2519 certum
595 2488 712 2527 facere,
729 2490 857 2519 dictum
872 2492 929 2518 est.

178 2538 274 2566 Sorte
299 2536 432 2573 quidem
455 2536 515 2564 Dei
544 2536 704 2565 iudicium
734 2537 931 2571 quandoque

555 147 626 184 DE
656 146 1025 185 MONARCHIA:
1065 147 1114 184 11.
1142 147 1235 185 CAP.
1261 147 1296 193 8,
1311 159 1347 195 9.

972 259 1142 288 revelatur
1167 258 1369 295 hominibus,
1398 260 1437 286 ut
1465 260 1558 294 patet
1588 258 1625 286 in
1652 257 1726 287 sub-

973 303 1150 334 stitutione
1172 303 1336 333 Matthiae
1364 303 1400 332 in
1428 303 1566 333 Actibus
1593 302 1727 338 Aponto-
1743 313 1780 342 7⁰

973 350 1091 380 lorum.

1013 395 1204 424 Certamine
1216 404 1293 424 vero
1303 395 1482 431 dupliciter
1494 394 1554 423 Dei
1564 393 1727 423 indicium

974 441 1139 476 aperitur:
1159 441 1213 469 vel
1232 450 1272 470 ex
1290 440 1462 470 collisione
1482 439 1614 475 virium,
1640 438 1728 467 sicut

974 486 1013 514 fit
1033 495 1092 522 per
1112 486 1261 514 duellum
1282 486 1445 522 pugilum,
1468 485 1525 521 qui
1547 484 1730 514 duellione·

974 532 1075 561 etiam
1097 534 1279 567 vocantur3
1300 532 1354 560 vel
1371 540 1411 559 ex
1430 530 1643 559 contentione
1658 529 1730 565 plu·
1746 536 1780 567 75

974 577 1062 606 rium
1085 578 1129 606 ad
1151 577 1285 614 aliquod
1309 572 1443 613 signum
1465 575 1655 612 praevalere
1679 583 1730 604 co-

975 623 1142 659 nantium,
1156 623 1244 652 sicut
1255 623 1293 651 fit
1302 631 1361 658 per
1370 630 1517 658 pugnam
1525 621 1731 649 athletarum

975 669 1184 697 currentium
1198 669 1241 697 ad
1255 667 1416 697 bravium.
1459 667 1591 695 Primus
1609 665 1731 694 horum

975 714 1151 742 modorum
1179 714 1268 749 apud
1297 713 1448 742 Gentiles
1476 711 1638 748 figuratus
1665 710 1731 739 fuit

975 760 1011 788 in
1035 759 1095 788 illo
1116 759 1227 788 duello
1247 758 1402 787 Herculis
1422 760 1457 786 et
1481 756 1614 792 Antaei,
1636 755 1732 785 cuius
1746 759 1780 788 811

975 805 1129 833 Lucanus
1148 803 1304 832 meminit
1325 803 1362 831 in
1385 804 1504 839 quarto
1529 800 1730 838 Pharsaliae,

975 852 1009 878 et
1029 850 1168 879 Ovidius
1192 850 1229 878 in
1255 857 1344 878 nono
1367 849 1407 877 de
1430 857 1542 877 rerum
1565 849 1732 876 transmu-

975 896 1112 925 tatione.
1142 896 1316 925 Secundus
1328 895 1492 932 figuratur
1503 894 1591 930 apud
1602 893 1732 922 eosdem

975 941 1012 970 in
1025 941 1187 970 Atalanta
1203 943 1237 970 et
1258 941 1475 977 Hippomene,
1499 940 1535 968 in
1550 938 1677 967 decimo
1690 938 1732 968 de

975 996 1088 1016 rerum
1100 986 1393 1016 transmutatione.
1747 986 1780 1022 85

1015 1032 1179 1061 Similiter
1192 1034 1226 1061 et
1244 1032 1350 1061 latere
1369 1041 1437 1060 non
1458 1032 1556 1060 debet
1574 1029 1732 1067 qnoniam

975 1077 1013 1106 in
1040 1077 1094 1106 his
1113 1077 1240 1106 duobus
1264 1076 1462 1106 decertandi
1485 1076 1662 1113 generibus
1683 1075 1734 1104 ita

976 1132 1010 1152 se
1033 1122 1136 1152 habet
1155 1132 1217 1159 res,
1243 1124 1283 1152 ut
1308 1123 1347 1151 in
1371 1123 1479 1152 altero
1505 1122 1579 1152 sine
1606 1121 1734 1150 iniuria

977 1170 1186 1198 decertantes
1219 1168 1381 1205 impedire
1414 1177 1448 1198 se
1481 1168 1616 1204 possint,
1651 1168 1734 1203 puta

977 1215 1170 1251 duelliones,
1186 1214 1222 1243 in
1237 1215 1343 1243 altero
1355 1223 1432 1243 vero
1451 1223 1520 1242 non
1533 1223 1540 1249 ς
1561 1223 1629 1243 11011
1643 1211 1734 1242 enim
1749 1217 1780 1247 9t

977 1261 1126 1290 athletae
1143 1260 1386 1296 impedimento
1403 1260 1441 1288 in
1459 1260 1662 1289 alterutrum
1680 1257 1735 1287 uti

978 1307 1109 1336 debent.
1163 1306 1322 1340 Quamvis
1355 1306 1458 1334 Poeta
1489 1307 1602 1334 noster
1634 1304 1735 1333 aliter

977 1352 1117 1381 sensisse
1136 1351 1294 1381 videatur
1313 1351 1350 1380 in
1374 1351 1503 1387 quinto,
1529 1358 1634 1386 quum
1653 1347 1735 1378 fecit

978 1397 1186 1426 remunerari
1223 1397 1417 1432 Euryalum.
1474 1396 1612 1431 Propter
1647 1393 1735 1431 quod

978 1443 1099 1472 melius
1129 1442 1259 1471 Tullius
1291 1442 1330 1470 in
1367 1441 1478 1471 tertiis
1515 1441 1640 1470 Officiis
1670 1440 1734 1468 hoc
1747 1444 1780 1477 93

976 1488 1156 1525 prohibuit,
1171 1487 1374 1517 sententiam
1389 1487 1565 1524 Chrysippi
1577 1494 1735 1523 sequens3

978 1534 1027 1563 ait
1041 1534 1132 1563 enim
1144 1534 1208 1563 sic:
1224 1533 1327 1562 ‘Scite
1338 1533 1550 1569 Chrysippus,
1562 1534 1602 1560 ut
1611 1531 1734 1560 multa:

980 1580 1044 1614 Qui
1057 1580 1204 1609 stadium
1221 1579 1356 1615 (inquit)
1369 1579 1486 1615 currit,
1503 1578 1587 1607 em‘ti
1607 1579 1641 1606 et
1659 1586 1736 1606 con-

977 1627 1116 1655 tendere
1139 1626 1236 1655 debet
1262 1634 1364 1661 quam
1389 1624 1534 1653 maxime
1556 1623 1669 1660 ponit,
1691 1624 1734 1652 ut
1778 1639 1780 1643 ·

979 1672 1112 1708 vincat;
1132 1671 1349 1708 supplantare
1367 1679 1446 1700 eum
1467 1669 1603 1706 quicum
1615 1670 1731 1705 certet,
1750 1673 1780 1696 111

978 1717 1073 1746 1111Πο
1085 1717 1183 1745 1110110
1197 1716 1312 1745 debet.’

1018 1762 1081 1791 His
1094 1761 1207 1798 itaque
1226 1761 1264 1790 in
1284 1760 1437 1797 Capitulo
1458 1759 1636 1796 distinctis,
1652 1760 1736 1788 duas

978 1807 1127 1836 rationes
1140 1807 1287 1836 efficaces
1300 1807 1344 1835 ad
1362 1805 1568 1843 propositum
1586 1805 1735 1840 accipere
1771 1820 1780 1856 Ι

978 1862 1170 1890 possumus3
1192 1852 1319 1881 scilicet
1337 1861 1358 1881 a
1371 1851 1610 1888 disceptatione
1627 1850 1735 1880 athle-
1774 1856 1780 1891 j

979 1901 1094 1928 tarum
1106 1907 1220 1934 unam,
1236 1900 1270 1927 et
1284 1907 1304 1926 a
1322 1897 1563 1933 disceptatione
1580 1897 1734 1933 pugilum

980 1946 1142 1974 alteram:
1163 1952 1246 1981 quas
1268 1944 1404 1980 quidem
1423 1952 1604 1979 prosequar
1626 1943 1664 1971 in
1687 1951 1735 1972 se-

981 1991 1161 2028 quentibus
1175 1992 1208 2019 et
1221 1989 1425 2019 immediatis
1439 1989 1610 2024 Capitulis.

1019 2036 1092 2066 IX.
1131 2035 1195 2064 Ille
1221 2035 1328 2072 igitur
1352 2034 1494 2071 populus
1521 2034 1580 2070 qui
1606 2033 1738 2063 cunctis

981 2080 1258 2110 athletizantibus
1275 2089 1335 2116 pro
1353 2079 1492 2115 imperio
1510 2079 1632 2108 mundi
1644 2088 1737 2116 prae·
1756 2091 1758 2094 ·

982 2128 1100 2163 valuit,
1113 2128 1153 2156 de
1167 2126 1282 2155 divino
1295 2125 1420 2154 iudicio
1432 2126 1627 2162 praevaluit.
1649 2126 1736 2154 Nam

983 2182 1088 2208 quum
1111 2172 1268 2201 diremtio
1287 2171 1489 2200 universalis
1507 2171 1611 2208 litigii
1629 2171 1736 2208 magis

983 2219 1052 2247 Deo
1065 2218 1110 2247 sit
1120 2227 1218 2247 curae
1232 2226 1333 2253 quam
1346 2216 1502 2246 diremtio
1510 2216 1734 2253 particularis,-

983 2265 1018 2293 et
1044 2264 1082 2293 in
1108 2263 1368 2300 particularibus
1391 2263 1512 2299 litigiis
1537 2263 1734 2298 quibusdam

982 2318 1042 2345 per
1065 2309 1212 2338 athletas
1234 2308 1388 2337 divinum
1407 2308 1571 2336 iudicium
1590 2307 1736 2344 postula-

983 2357 1050 2391 tur,
1065 2354 1161 2382 iuxta
1178 2353 1299 2382 tritum
1316 2353 1547 2388 proverbium:
1567 2352 1629 2381 Cui
1647 2353 1737 2382 Deus

984 2400 1145 2435 concedit,
1174 2398 1348 2427 benedicat
1373 2399 1408 2427 et
1434 2397 1570 2434 Petrus;
1603 2397 1736 2426 nullum
1764 2391 1766 2394 ¹

984 2445 1124 2474 dubium
1137 2446 1195 2481 est,
1211 2444 1293 2480 quin
1306 2443 1536 2480 praevalentis,
1549 2443 1586 2471 in
1599 2441 1736 2472 athletis
1759 2443 1762 2445 ’

984 2499 1043 2526 pro
1067 2489 1210 2525 Imperio
1237 2489 1355 2517 mundi
1377 2488 1582 2517 certantibus
1605 2488 1665 2517 Dei
1687 2487 1739 2516 iu«

985 2534 1110 2563 dicium
1137 2534 1181 2563 sit
1203 2536 1350 2570 sequuta.
1394 2534 1563 2562 Romanus
1585 2533 1734 2570 populu&
