1780 2820
173 154 245 193 372

176 257 348 288 stantinus
360 257 423 287 hoc
433 258 542 287 facere
554 257 714 294 potuisset
724 257 764 286 de
779 265 828 293 se3
842 257 930 286 actio

175 305 290 333 tamen
317 303 377 333 issa
402 312 470 333 non
499 305 571 333 erat
598 302 768 339 possibilis,
796 303 931 338 propter

110 359 159 378 120
175 348 334 384 patientis
357 347 653 384 indispositionem.
706 346 802 376 Patet
825 345 931 382 igitur

175 394 263 430 quod
287 402 349 423 nec
373 393 522 423 Ecclesia
545 392 690 429 recipere
714 401 773 428 per
795 392 930 420 modum

173 438 394 475 possessionis,
410 447 471 467 nec
488 438 546 467 ille
560 438 709 467 conferre
722 446 781 473 per
794 437 931 465 modum

175 484 406 525 alienationis·
434 485 571 520 poterat.
634 483 768 512 Poterat
816 483 929 511 tamen

175 529 370 566 Imp'erator,
412 529 449 558 in
489 528 712 565 patrocinium
753 527 928 564 Ecclesiae,

112 586 158 614 ¹25
175 570 428 611 patrimonium
443 576 476 603 et
503 574 570 604 alia
595 575 763 610 deputare,
792 573 930 602 immoto

174 628 303 656 semper
329 619 489 657 superiori
517 619 673 656 dominio,
699 619 794 648 cuius
816 619 930 648 unitas

172 665 372 695 divisionem
416 674 484 694 non
527 665 664 702 patitur.
720 664 853 694 Poterat
896 666 930 694 et

173 710 318 741 vicarius
358 711 420 741 Dei
460 710 614 747 recipere,
649 717 716 739 non
758 711 930 746 tamquam

174 766 346 795 possessor,
376 758 434 787 sed
460 759 633 792 tamquam
664 756 837 785 fructuum
870 765 930 792 pro

109 813 159 839 130
174 803 324 833 Ecclesia
345 812 405 840 pro
429 801 552 832 Christi
578 801 778 838 pauperibus
802 800 931 838 dispen-

175 851 281 886 sator;
336 849 423 886 quod
473 847 643 884 Apostolos
691 846 805 876 fecisse
861 855 929 875 non

175 895 357 932 ignoratur.

215 940 283 971 XI.
313 940 432 970 Adhuc
464 939 592 976 dicunt,
622 939 707 975 quod.
739 937 931 967 Hadrianus

171 986 266 1022 ‘Papa
280 985 433 1016 Carolum
453 986 612 1021 Magnum
629 984 692 1013 sibi
711 986 745 1012 et
765 983 930 1012 Ecclesiae

172 1031 357 1068 advocavit,
383 1032 423 1060 ob
451 1030 611 1060 iniuriam
638 1029 930 1066 Longobardorum

174 1079 322 1113 tempore
347 1075 508 1106 Desiderii
531 1075 618 1111 regis
640 1083 762 1110 eorum,
786 1076 820 1103 et
844 1075 931 1110 quod

142 1128 159 1156 5
174 1122 312 1151 Carolus
322 1122 364 1150 ab
375 1130 413 1150 eo
425 1121 550 1157 recepit
564 1119 700 1156 Imperii
714 1119 915 1156 dignitatem
923 1129 930 1156 ;

176 1176 244 1196 non
271 1167 425 1196 obstante
460 1166 546 1202 quod
575 1164 719 1195 Michael
746 1165 931 1200 imperabat

175 1213 264 1248 apud
297 1210 627 1247 Constantinopolim.
679 1210 818 1246 Propter
844 1210 931 1246 quod

177 1257 306 1293 dicunt,
342 1257 429 1292 quod
462 1264 575 1285 omnes
608 1255 666 1292 qui
698 1255 837 1283 fuerunt
870 1256 931 1283 Ro-

177 1309 354 1330 manorum
387 1301 608 1337 Imperatores
638 1302 712 1336 post
743 1299 862 1336 ipsum,
896 1302 930 1328 et

128 1355 162 1374 10
174 1346 242 1382 ipsi
271 1345 423 1383 advocati
451 1345 616 1374 Ecclesiae
639 1347 728 1382 sunt,
751 1347 785 1374 et
809 1346 932 1374 debent

175 1392 218 1420 ab
251 1391 397 1421 Ecclesia
428 1390 590 1420 advocari.
651 1391 702 1419 Ex
734 1399 799 1426 quo
830 1390 932 1419 etiam

175 1439 368 1473 sequeretur
394 1436 454 1465 illa
481 1435 704 1472 dependentia
727 1444 828 1472 quam
856 1445 931 1466 con-

175 1483 310 1512 cludere
331 1482 458 1511 volunt.

215 1529 259 1558 Et
286 1530 329 1558 ad
355 1529 418 1557 hoo
445 1528 699 1564 infringendum
732 1527 805 1557 dico
842 1528 927 1564 quod

128 1584 159 1612 15
175 1574 262 1603 nihil
286 1574 422 1610 dicunt;
451 1574 623 1610 usurpatio
643 1573 733 1602 enim
756 1573 838 1602 iuris
862 1582 929 1602 non

174 1620 257 1649 facit
294 1620 355 1649 ius.
410 1620 497 1647 Nam
530 1619 558 1648 si
595 1619 651 1655 sic,
688 1620 802 1648 eodem
835 1620 931 1647 modo

173 1665 356 1694 auctoritas
365 1664 531 1693 Ecclesiae
541 1665 738 1700 probaretur
747 1664 934 1699 dependere'

176 1711 217 1739 ab
229 1711 448 1746 Imperatore;
469 1712 646 1746 postquam
657 1709 734 1738 Otto
745 1710 929 1745 Imperator

176 1757 319 1786 Leonem
339 1757 464 1792 Papam
483 1755 641 1791 restituit,
658 1757 691 1784 et
712 1755 929 1784 Benedictum

124 1816 160 1834 20
176 1802 335 1839 deposuit,
351 1811 413 1831 nec
426 1811 494 1830 non
509 1801 545 1830 in
557 1801 693 1830 exilium
705 1801 742 1830 in
754 1801 930 1831 Saxoniam

176 1849 280 1878 duxit.

215 1895 306 1924 XII.
329 1896 413 1931 (XI.)
434 1895 574 1924 Ratione
596 1904 672 1924 vero
699 1894 746 1923 sic
773 1896 927 1930 arguunt.

176 1942 322 1970 Sumunt
331 1940 456 1969 etenim
466 1940 529 1969 sibi
539 1940 744 1976 principium
754 1941 794 1969 de
805 1939 931 1969 decimo

175 1985 303 2022 primae
338 1985 580 2022 Philosophiae,
610 1986 777 2014 dieentes:
812 1985 932 2014 Omnia

176 2041 260 2069 quae
281 2034 361 2062 sunt
382 2031 486 2061 unius
506 2032 636 2068 generis
660 2033 869 2061 reducuntur
888 2033 928 2060 ad

140 2084 157 2111 5
175 2087 292 2114 unum,
316 2078 403 2114 quod
427 2080 476 2107 est
499 2087 658 2106 mensura
677 2077 828 2106 omnium
849 2087 932 2114 quae

175 2124 236 2152 sub
250 2123 308 2151 illo
321 2131 439 2159 genere
454 2124 542 2152 sunt.
579 2124 643 2152 Sed
654 2131 768 2152 omnes
781 2123 932 2152 homines
956 2132 958 2135 ·

174 2170 254 2198 sunt
275 2168 375 2198 unius
395 2168 544 2204 generis:
573 2177 650 2204 ergo
671 2169 792 2197 debent
816 2168 931 2197 reduci

173 2214 217 2243 ad
226 2223 343 2251 unum,
351 2216 523 2250 tamquam
530 2215 572 2243 ad
582 2223 775 2243 mensuram
781 2214 931 2242 omnium

174 2268 297 2289 eorum.
341 2259 385 2288 Et
413 2268 517 2295 quum
545 2267 694 2288 summus
721 2259 871 2288 Antistes
898 2260 932 2288 et

125 2315 158 2334 ιο
175 2306 363 2342 Imperator
377 2305 447 2334 sint
467 2305 627 2341 homines,
644 2305 671 2333 si
691 2305 858 2334 conclusio
871 2305 929 2335 illa

174 2353 224 2380 est
255 2359 343 2387 vera,
372 2353 500 2387 oportet
531 2351 619 2386 quod
651 2351 858 2380 reducantur
888 2351 929 2380 ad

174 2405 282 2426 unum
300 2396 478 2426 hominem.
522 2396 567 2424 Et
581 2405 684 2432 quum
698 2396 787 2432 Papa
800 2405 869 2425 non
888 2396 932 2425 sit

175 2443 385 2471 reducendus
408 2442 451 2471 ad
476 2441 590 2478 alium,
613 2442 816 2477 relinquitur
843 2443 931 2478 quod

175 2488 370 2524 Imperator,
399 2496 475 2516 cum
506 2487 660 2516 omnibus
695 2487 778 2523 aliis,
807 2487 850 2516 sit
883 2496 931 2516 re-

126 2538 157 2566 15
176 2533 348 2562 (lucendus
368 2533 411 2561 nd
435 2532 554 2569 ipsum,
577 2533 749 2569 tamquam
774 2533 816 2562 nd
840 2541 931 2562 men-

956 2557 960 2572 1

531 145 603 182 DE
632 142 972 182 MONARCHIA
991 156 998 181 :

1037 142 1108 181 111.
1135 143 1230 180 CAP.
1258 155 1383 180 10-12.

982 265 1095 285 suram
1109 259 1143 286 et
1157 256 1305 293 regulam
1317 266 1323 292 ;
1345 257 1479 292 propter
1489 255 1574 292 quod
1587 254 1737 291 sequitur

983 302 1084 332 etiam
1100 303 1187 332 idem
1202 303 1287 339 quod
1303 302 1427 331 volunt.

1024 349 1075 377 Ad
1103 348 1191 378 hanc
1222 347 1388 376 rationem
1422 347 1625 382 solvendam,
1662 346 1736 375 dico

984 395 1071 430 quod
1087 403 1190 430 quum
1204 393 1341 422 dicunt:
1363 393 1412 422 Ea
1433 401 1516 428 quae
1535 394 1615 421 sunt
1635 391 1736 421 unius

984 439 1116 475 generis
1130 441 1260 476 oportet
1275 438 1391 468 reduci
1410 438 1451 467 ad
1474 437 1606 473 aliquod
1629 446 1736 466 unum
1753 444 1780 464 2«

983 486 1023 514 de
1057 485 1115 514 illo
1154 494 1282 521 genere,
1319 485 1405 520 quod
1439 485 1489 512 est
1521 485 1665 512 metrum
1700 482 1736 512 in

982 530 1060 567 ipso,
1080 539 1195 559 verum
1216 530 1341 559 dicunt.
1385 530 1428 558 Et
1448 528 1602 557 similiter
1621 537 1737 557 verum

983 576 1111 613 dicunt,
1147 576 1295 605 dicentes
1325 575 1411 612 quod
1446 583 1562 603 omnes
1587 573 1739 603 homines

983 623 1062 650 sunt
1085 621 1185 650 unius
1206 621 1342 658 generis.
1387 621 1430 650 Et
1448 619 1602 649 similiter
1620 628 1737 649 verum

983 666 1200 702 concludunt,
1247 675 1350 702 quum
1398 664 1550 694 inferunt
1600 673 1641 693 ex
1683 664 1737 694 his
1753 676 1780 703 ²!

982 719 1096 740 omnes
1141 711 1292 741 homines
1335 719 1403 740 esse
1447 711 1650 739 reducendos
1693 710 1737 740 ad

983 766 1089 785 unum
1131 759 1275 786 metrum
1310 757 1346 785 in
1386 765 1445 786 suo
1485 765 1612 792 genere.
1673 757 1736 785 Sed

983 812 1086 839 quum
1107 812 1147 832 ex
1164 803 1227 832 hac
1242 802 1454 832 conclusione
1467 802 1681 831 subinferunt
1695 803 1737 832 de

983 849 1074 884 Papa
1092 851 1125 877 et
1145 848 1357 884 Imperatore,
1374 848 1539 877 falluntur
1552 849 1735 877 secundum

983 894 1147 924 accidens.

1023 939 1075 968 Ad
1103 939 1198 968 cuius
1220 938 1423 968 evidentiam
1446 938 1619 968 sciendum
1647 940 1735 976 quod

983 985 1076 1013 aliud
1104 986 1153 1013 est
1186 993 1254 1013 esse
1285 984 1465 1019 hominem,
1494 987 1528 1013 et
1560 985 1652 1014 aliud
1686 987 1738 1014 est

984 1038 1051 1058 esse
1088 1030 1220 1066 Papam.
1285 1029 1329 1057 Et
1358 1029 1471 1058 eodem
1505 1030 1612 1065 modo,
1644 1029 1735 1059 aliud

984 1076 1033 1104 est
1065 1083 1133 1104 esse
1163 1074 1343 1110 hominem,
1371 1074 1463 1102 aliud
1493 1083 1563 1103 esse
1592 1075 1737 1111 Impera-

984 1123 1108 1157 torem,
1143 1120 1229 1150 sicut
1255 1120 1347 1149 aliud
1380 1122 1430 1149 est
1457 1128 1524 1149 esse
1556 1119 1735 1158 hominem,
1754 1126 1780 1154 3:

983 1167 1076 1195 aliud
1103 1175 1171 1196 esse
1198 1168 1327 1203 patrem
1355 1168 1388 1195 et
1412 1166 1607 1196 dominum:
1637 1165 1738 1196 homo

984 1213 1074 1241 enim
1096 1214 1146 1242 est
1168 1212 1203 1241 id
1227 1213 1315 1248 quod
1341 1214 1391 1241 est
1411 1220 1470 1248 per
1492 1211 1636 1241 formam
1663 1212 1737 1241 sub-

983 1258 1184 1294 stantialem,
1200 1266 1259 1294 per
1272 1266 1373 1294 quam
1393 1257 1534 1286 sortitur
1546 1257 1689 1294 speciem
1702 1259 1736 1287 et

983 1312 1098 1340 genus,
1118 1305 1152 1333 et
1171 1313 1230 1340 per
1249 1300 1349 1340 q'uam
1369 1302 1544 1339 reponitur
1564 1303 1625 1332 sub
1644 1312 1736 1340 prae-

984 1350 1172 1379 dicamento
1199 1350 1412 1379 substantiae.
1455 1349 1553 1379 Pater
1578 1358 1655 1379 vero
1686 1351 1736 1379 est
1751 1355 1780 1384 4(

983 1395 1018 1423 id
1043 1395 1130 1431 quod
1157 1396 1207 1424 est
1230 1403 1290 1431 per
1311 1395 1454 1424 formam
1482 1395 1733 1432 accidentalem,

984 1450 1067 1477 quae
1079 1442 1128 1470 est
1135 1440 1262 1477 relatio,
1270 1449 1329 1476 per
1338 1449 1437 1477 quam
1447 1441 1586 1470 sortitur
1595 1441 1737 1478 speciem

983 1487 1163 1522 quamdam
1191 1488 1225 1516 et
1258 1495 1372 1523 genus,
1401 1489 1435 1516 et
1468 1486 1642 1524 reponitur
1675 1487 1736 1516 sub

982 1541 1101 1568 genere
1115 1533 1158 1561 ad
1177 1532 1304 1568 aliquid
1325 1532 1394 1561 sive
1407 1532 1587 1562 relationis.
1629 1533 1738 1562 Aliter

982 1577 1096 1606 omnia
1109 1578 1348 1606 reducerentur
1366 1578 1409 1606 ad
1429 1578 1736 1614 praedicamentum
1753 1589 1780 1616 45

1751 901 1780 929 3ae

982 1623 1207 1659 substantiae;
1229 1632 1332 1658 quum
1351 1623 1447 1652 nulla
1466 1623 1574 1652 forma
1586 1623 1737 1653 acciden-

982 1669 1061 1698 talis
1083 1678 1143 1705 per
1164 1677 1197 1697 se
1226 1668 1396 1704 subsistat,
1421 1669 1543 1705 absque
1567 1669 1736 1705 hypostasi

983 1714 1189 1743 substantiae
1202 1714 1428 1743 subsistentis:
1442 1715 1529 1750 quod
1538 1717 1588 1744 est
1601 1715 1733 1744 falsum.

984 1760 1093 1794 Quum
1117 1768 1194 1795 ergo
1221 1759 1311 1795 Papa
1338 1761 1373 1788 ct
1397 1759 1583 1795 Imperator
1605 1760 1676 1789 sint
1699 1760 1734 1789 id

983 1806 1070 1841 quod
1090 1807 1169 1834 sunt
1182 1813 1242 1840 per
1255 1805 1416 1840 quasdam
1437 1805 1629 1842 relationes3
1657 1806 1736 1842 quia
1750 1814 1780 1842 5(

983 1859 1042 1886 per
1068 1851 1233 1886 Papatum
1256 1852 1290 1878 et
1316 1859 1376 1886 per
1400 1849 1628 1887 Imperiatum,
1652 1860 1736 1887 qnae

983 1896 1161 1925 relationes
1174 1898 1264 1932 sunt,
1281 1895 1388 1924 altera
1407 1896 1468 1924 sub
1487 1895 1616 1924 ambitu
1629 1899 1738 1932 pater-

983 1941 1110 1978 nitatis,
1139 1943 1172 1970 et
1199 1942 1306 1970 altera
1337 1942 1398 1969 sub
1424 1941 1553 1970 ambitu
1588 1941 1737 1970 domina„

983 1987 1106 2016 tionis:
1139 1982 1355 2015 manifestum
1382 1987 1433 2015 est
1466 1987 1553 2022 quod
1579 1986 1670 2023 Papa
1702 1989 1737 2017 et

984 2033 1178 2068 Imperator,
1203 2031 1240 2060 in
1266 2033 1432 2067 quantum
1453 2031 1655 2069 huiusmodi,
1678 2032 1737 2061 ha-
1752 2038 1780 2071 55·

983 2078 1064 2106 bent
1077 2077 1193 2114 reponi
1203 2077 1264 2106 sub
1273 2076 1541 2112 praedicamento
1551 2077 1735 2114 relationis,

983 2125 1016 2152 et
1030 2132 1089 2159 per
1109 2130 1312 2158 consequens
1331 2122 1446 2151 reduci
1467 2123 1511 2151 ad
1530 2122 1663 2159 aliquod
1685 2133 1738 2152 ex-

983 2169 1103 2198 sistens
1114 2169 1174 2197 sub
1187 2168 1248 2197 illo
1262 2177 1389 2204 genere.

1023 2215 1120 2244 Unde
1141 2213 1224 2250 dico,
1247 2214 1335 2250 quod
1355 2214 1423 2243 alia
1444 2216 1494 2243 est
1513 2223 1671 2244 mensura
1694 2216 1737 2244 ad

983 2269 1084 2296 quam
1095 2259 1222 2288 habent
1235 2259 1359 2295 reduci,
1372 2261 1472 2295 prout
1480 2262 1560 2288 sunt
1573 2260 1738 2298 homines;
1752 2268 1780 2294 ο(

983 2308 1017 2335 et
1031 2305 1106 2341 alia,
1121 2306 1220 2341 prout
1233 2307 1313 2333 sunt
1332 2307 1366 2334 et
1384 2305 1474 2341 Papa
1493 2307 1527 2334 et
1541 2306 1734 2342 Imperator.

983 2351 1079 2387 Nam,
1094 2352 1193 2386 prout
1207 2352 1286 2379 sunt
1304 2350 1464 2387 homines,
1479 2351 1605 2380 habent
1622 2352 1737 2381 reduci

983 2397 1026 2426 ad
1048 2396 1213 2432 optimum
1233 2395 1411 2432 hominem,
1434 2396 1491 2432 qui
1511 2399 1560 2426 est
1580 2406 1738 2427 mensura

983 2442 1136 2470 omnium
1159 2441 1302 2471 aliorum
1325 2444 1359 2470 et
1382 2441 1466 2478 idea,
1487 2444 1527 2472 ut
1546 2442 1596 2472 ita
1616 2443 1735 2480 dicam,

983 2487 1132 2524 quisquis
1151 2487 1207 2516 ille
1227 2486 1280 2523 sit,
1296 2488 1339 2516 ad
1358 2487 1573 2518 exsistentem
1592 2488 1737 2518 maxime
1753 2494 1780 2530 ⁶2

983 2541 1090 2561 unum
1107 2532 1143 2561 in
1157 2540 1276 2569 genere
1294 2540 1372 2569 su03
1393 2534 1433 2561 ut
1446 2532 1563 2562 haberi
1575 2535 1684 2570 potest
1696 2541 1738 2563 ex
