1780 2820
155 130 226 166 344

154 229 388 259 sufficientiam
402 239 470 259 non
485 230 592 259 solum
608 239 676 259 non
690 230 905 267 pertingitur,

100 284 138 312 45
155 276 222 311 sed,
238 275 417 311 aliquando
437 275 588 312 pluribus
608 275 834 311 praeeminere
855 284 908 304 vo-

153 320 310 357 lentibus,
326 321 451 350 vicinia
463 323 534 350 tota
548 320 741 350 destruitur.
784 320 818 349 Si
832 329 909 349 vero

154 375 259 395 unam
274 366 443 396 civitatem
458 367 710 403 consideremus,
725 366 819 395 cuius
831 365 908 394 finis

155 413 206 440 est
239 412 322 441 bene
355 412 618 448 sufficienterque
644 412 764 448 vivere,
801 421 907 440 unum

154 459 283 492 oportet
298 466 365 486 esse
379 456 546 493 regimen;
575 459 609 485 et
629 457 691 485 hoc
711 466 779 485 non
800 456 907 485 solum

100 513 137 540 50
154 502 191 530 in
218 503 310 531 recta
337 502 463 538 politia,
488 502 545 531 sed
572 501 674 530 etiam
700 501 737 530 in
764 501 905 537 obliqua.

155 547 249 581 Quod
271 547 298 576 si
315 547 414 576 aliter
431 547 500 583 fiat,
517 556 587 575 non
607 547 714 575 solum
730 546 806 575 finis
821 547 907 575 vitae

154 591 263 621 civilis
277 591 454 628 amittitur,
467 593 524 620 sed
538 592 641 621 etiam
655 591 772 620 civitas
786 591 908 621 desinit

154 646 223 667 esse
237 638 324 674 quod
338 640 418 667 erat.
450 637 485 666 Si
496 637 637 673 denique
651 646 758 665 unum
767 646 908 673 regnum

153 682 363 719 particulare,
377 682 470 711 cuius
479 682 557 710 finis
572 684 620 711 est
634 682 663 711 is
677 682 735 718 qui
750 682 906 719 civitatis,

102 739 137 766 55
155 737 231 756 cum
251 727 375 756 maiore
395 727 518 756 fiducia
539 735 617 756 suae
639 727 907 764 tranquillitatis,

153 775 282 809 oportet
317 782 386 802 esse
419 773 542 809 Regem
576 782 692 809 unum,
723 772 781 809 qui
814 775 909 809 regat

154 821 255 855 atque
282 819 462 855 gubernet;
493 818 591 846 aliter
615 827 683 846 non
707 819 805 846 modo
827 818 910 847 exis-

153 867 263 893 tentes
279 864 316 892 in
336 873 438 900 regno
457 863 559 892 finem
579 873 647 892 non
668 865 907 900 adsequuntur,

154 911 212 939 sed
231 910 332 939 etiam
354 919 496 946 regnum
517 909 553 938 in
574 909 753 938 interitum
771 909 906 946 labitur,

100 959 139 987 60
155 955 251 984 iuxta
270 955 357 984 illud
378 955 565 984 infallibilis
586 955 754 983 veritatis:
784 955 910 984 ‘Omne

154 1010 296 1037 regnum
319 1000 356 1028 in
382 1009 416 1029 se
442 999 587 1028 divisum
609 1000 833 1030 desolabitur.'
874 1001 910 1029 Si

154 1055 231 1083 ergo
250 1046 298 1075 sic
320 1055 352 1075 se
374 1046 476 1074 habet
496 1045 533 1073 in
554 1046 617 1081 his,
640 1048 674 1074 et
697 1045 734 1074 in
758 1046 908 1082 singulis,

155 1101 238 1128 quae
253 1092 295 1120 ad
309 1100 416 1119 unum
427 1091 561 1126 aliquod
571 1091 780 1128 ordinantur,
794 1100 910 1120 verum

155 1139 205 1166 est
219 1137 306 1173 quod
320 1137 509 1165 adsumitur
523 1144 630 1172 supra.

103 1188 140 1224 65
195 1182 295 1210 Nunc
318 1183 449 1210 constat
476 1182 564 1217 quod
585 1183 696 1210 totum
721 1181 910 1211 humanum

155 1235 261 1263 genus
281 1227 456 1255 ordinatur
474 1227 518 1255 ad
537 1235 653 1263 unum,
670 1229 710 1255 ut
729 1227 798 1255 iam
819 1237 911 1264 prae-

155 1274 326 1302 ostensum
345 1272 430 1308 fuit3
461 1281 539 1308 ergo
559 1281 666 1301 unum
687 1275 816 1308 oportet
841 1282 910 1302 esse

152 1318 320 1355 regulans,
335 1318 404 1347 sive
417 1326 554 1354 regens:
579 1319 613 1346 et
633 1318 696 1346 hoc
716 1319 907 1355 Monarcha,

153 1363 221 1392 sive
235 1364 422 1399 Imperator
440 1362 507 1391 dici
526 1363 631 1392 debet.
675 1363 719 1392 Et
737 1363 784 1392 sic
805 1366 908 1400 patet,

103 1421 139 1449 70
154 1409 242 1444 quod
269 1409 312 1437 ad
341 1409 425 1437 bene
451 1417 519 1437 esse
545 1407 673 1444 mundi,
703 1418 835 1439 necesse
861 1412 910 1438 est

155 1453 386 1483 Monarchiam
401 1462 478 1490 esso,
493 1453 561 1482 sive
575 1453 768 1490 Imperium.

194 1498 260 1528 VI.
275 1499 396 1535 (VIII.)
415 1499 459 1527 Et
483 1498 571 1527 sicut
589 1508 623 1528 se
643 1499 746 1528 habet
767 1507 846 1535 pars
865 1500 909 1527 ad

153 1546 272 1580 totum,
285 1543 332 1572 sic
341 1544 421 1572 ordo
433 1543 586 1579 partialis
598 1545 642 1572 ad
651 1544 798 1574 totalem.
827 1544 909 1573 Pars

154 1591 198 1618 ad
211 1591 322 1618 totum
339 1598 374 1618 se
390 1589 501 1626 habet,
516 1589 603 1618 sicut
620 1589 663 1618 ad
680 1589 783 1618 finem
802 1591 836 1618 et
855 1598 909 1625 op-

155 1635 286 1664 timum.
315 1635 403 1670 Ergo
413 1636 446 1663 et
454 1635 536 1663 ordo
549 1634 586 1662 in
599 1637 694 1670 parte
703 1636 747 1664 ad
757 1635 910 1664 ordinem

122 1694 141 1721 5
155 1681 193 1709 in
208 1682 288 1717 toto,
304 1679 392 1709 sicut
405 1680 449 1708 ad
467 1680 571 1708 finem
590 1681 624 1708 et
641 1679 815 1715 optimum.
857 1681 909 1709 Ex

155 1734 220 1761 quo
233 1725 385 1762 habetur,
401 1725 489 1761 quod
503 1724 634 1753 bonitas
647 1725 774 1754 ordinis
787 1725 910 1761 partia-

153 1771 196 1800 lis
210 1780 280 1799 non
294 1770 425 1800 excedit
438 1770 624 1799 bonitatem
633 1771 748 1800 totalis
761 1771 890 1800 ordinis
902 1781 908 1807 ;

154 1817 211 1846 sed
225 1816 332 1852 magis
346 1825 363 1845 e
378 1825 543 1845 converso.
574 1816 685 1849 Quum
696 1825 773 1852 ergo
786 1817 909 1852 duplex

154 1863 234 1890 ordo
260 1861 447 1898 reperiatur
472 1861 510 1889 in
539 1862 646 1898 rebus,
674 1862 755 1889 ordo
781 1862 909 1890 scilicet

101 1919 135 1937 10
153 1907 301 1943 partium
327 1907 418 1935 inter
444 1916 487 1943 se,
517 1909 551 1935 et
583 1907 664 1935 ordo
689 1906 838 1943 partium
865 1908 909 1935 ad

153 1953 288 1988 aliquod
310 1961 418 1981 unum
442 1953 530 1988 quod
554 1961 622 1980 non
643 1954 693 1980 est
712 1961 790 1988 pars
810 1953 909 1989 (sicut

153 1999 234 2027 ordo
253 1998 403 2034 partium
423 1998 588 2027 exercitus
607 1998 698 2027 inter
716 2007 759 2035 se,
776 2000 810 2027 et
828 1999 909 2026 ordo

154 2053 270 2073 earum
283 2045 326 2073 ad
340 2045 478 2080 ducem),
492 2045 571 2072 ordo
580 2044 729 2080 partium
743 2045 786 2072 ad
800 2053 907 2073 unum

153 2092 205 2119 est
229 2089 356 2126 melior,
380 2091 554 2125 tamquam
575 2090 653 2118 finis
675 2089 834 2126 alterius;
859 2092 909 2119 est

102 2147 112 2165 ι
117 2145 133 2173 5
154 2135 245 2164 enim
258 2135 344 2164 alter
357 2137 492 2171 propter
509 2135 611 2172 hunc,
626 2144 695 2163 non
709 2145 727 2164 e
741 2144 906 2165 converso·

154 2181 251 2210 Unde
264 2181 292 2210 si
306 2181 414 2209 forma
427 2181 528 2209 huius
547 2181 674 2209 ordinis
691 2181 858 2216 reperitur
870 2181 908 2209 in

152 2226 305 2262 partibus
336 2226 507 2255 humanae
532 2226 772 2262 multitudinis,
801 2226 909 2254 multo

152 2271 259 2308 magis
273 2272 370 2301 debet
387 2271 526 2307 reperiri
538 2271 576 2299 in
591 2271 663 2307 ipsa
675 2271 906 2308 multitudine,

152 2316 222 2346 sive
240 2317 418 2353 totalitate,
439 2326 499 2352 per
518 2317 587 2345 vim
611 2317 795 2353 syllogismi
816 2326 908 2353 prae-

99 2370 137 2390 20
153 2361 256 2398 missi,
279 2371 383 2398 quum
403 2362 447 2390 sit
467 2362 547 2390 ordo
565 2362 691 2398 melior,
713 2362 781 2391 sive
800 2363 909 2391 forma

153 2407 289 2437 ordinis.
331 2408 395 2436 Sed
409 2407 574 2443 reperitur
587 2407 624 2435 in
639 2408 793 2436 omnibus
806 2408 908 2443 parti-

153 2453 215 2483 bus
247 2453 416 2482 humanae
443 2453 685 2487 multitudinis.
715 2455 754 2482 ut
780 2462 839 2489 per
869 2463 908 2482 ea.

154 2508 237 2536 quae
258 2499 348 2528 dicta
368 2501 448 2529 sunt
468 2499 504 2527 in
526 2499 671 2535 capitulo
684 2499 905 2537 praecedenti,

550 118 621 156 DE
651 117 1014 156 MONARCHIA:
1053 117 1081 155 Ῑ.
1109 118 1205 156 CAP.
1241 118 1323 165 5—8.

959 229 1039 258 satis
1067 231 1117 258 est
1143 229 1379 265 manifestum;
1414 237 1491 264 ergo
1517 230 1550 257 et
1578 227 1613 256 in
1641 227 1712 263 ipsa

959 275 1127 304 totalitate
1151 275 1324 311 reperitur,
1348 274 1415 303 sive
1440 273 1577 310 reperiri
1604 274 1710 302 debet.
1729 281 1760 307 25

960 321 1004 349 Et
1030 321 1077 350 sic
1100 330 1213 350 omnes
1239 323 1351 356 partes
1377 322 1594 356 praenotatae
1622 319 1712 348 infra

960 376 1062 404 regna
1084 369 1117 396 et
1137 367 1208 403 ipsa
1228 376 1332 403 regna
1354 366 1503 394 ordinari
1527 366 1650 394 debent
1669 365 1712 394 ad

959 422 1066 441 unum
1082 412 1280 448 Principem,
1301 412 1370 441 sive
1391 411 1635 447 Principatum‚
1651 410 1713 439 hoe

959 459 1018 494 est,
1034 458 1076 486 ad
1092 457 1319 493 Monarcham,
1335 457 1402 486 sive
1419 456 1658 485 Monarchiani.

998 502 1086 532 V11.
1097 503 1179 539 (IX.)
1188 503 1349 538 Amplius,
1357 502 1508 531 humana
1514 501 1716 530 universitas

959 549 1008 576 est
1029 548 1195 584 quoddam
1214 550 1323 576 totum
1347 548 1390 576 ad
1411 547 1572 583 quasdam
1593 549 1712 583 partes,

960 595 993 622 et
1013 595 1063 622 est
1085 594 1247 630 quaedam
1261 602 1337 628 pars
1356 593 1398 621 ad
1413 593 1578 629 quoddam
1594 594 1712 621 totum.

961 639 1020 667 Est
1031 639 1122 668 enim
1136 639 1302 674 quoddam
1315 640 1424 666 totum
1438 638 1481 666 ad
1495 646 1600 673 regna
1613 636 1715 674 parti-

961 684 1097 720 cularia,
1113 686 1145 713 et
1159 685 1202 713 ad
1216 686 1342 720 gentes,
1361 685 1400 712 ut
1420 683 1590 719 superiora
1608 684 1715 711 osten·
1731 690 1748 718 5

961 730 1067 766 dunt;
1102 731 1136 758 et
1163 732 1213 758 est
1240 730 1404 765 quaedam
1430 737 1508 764 pars
1534 729 1577 757 ad
1605 730 1714 756 totum

960 774 1163 811 universum,
1179 776 1213 803 et
1231 774 1294 802 hoc
1314 777 1363 803 est
1382 775 1422 802 de
1437 783 1470 802 se
1485 773 1711 803 manifestum.

962 819 1054 848 Sicut
1063 829 1139 857 ergo
1148 820 1305 849 inferiora
1311 819 1478 849 humanae
1485 818 1716 848 universitatis

962 866 1045 894 bene
1064 866 1268 902 respondent
1287 866 1330 894 ad
1350 865 1467 901 ipsam,
1483 865 1530 893 sic
1546 864 1618 900 ipsa
1631 864 1715 892 bene

962 911 1087 940 dicitur
1126 912 1323 947 respondere
1369 911 1412 939 ad
1453 919 1551 940 suum
1592 911 1712 938 totum.
1734 915 1768 934 ιο

962 957 1077 986 Partes
1100 957 1171 986 eius
1198 957 1281 986 bene
1308 957 1510 992 respondent
1536 955 1579 983 ad
1606 955 1713 991 ipsam

961 1011 1020 1037 per
1052 1011 1160 1030 unum
1193 1001 1397 1037 principium
1428 1003 1574 1036 tantum,
1603 1002 1643 1028 ut
1675 1008 1715 1028 ex

961 1047 1184 1083 superioribus
1198 1046 1310 1083 colligi
1322 1049 1430 1082 potest
1443 1046 1484 1074 de
1498 1045 1591 1074 facili
1603 1055 1609 1081 ;
1638 1053 1716 1080 ergo

962 1094 995 1121 et
1014 1092 1087 1128 ipsa
1099 1093 1142 1121 ad
1157 1092 1266 1128 ipsum
1279 1091 1484 1128 universum,
1499 1090 1567 1119 sive
1587 1091 1630 1119 ad
1645 1090 1716 1119 eius

962 1138 1161 1175 Principem,
1187 1137 1245 1174 qui
1271 1138 1360 1166 Deus
1386 1139 1435 1166 est
1462 1138 1496 1165 et
1521 1135 1713 1172 Monarcha,
1734 1142 1766 1170 15

961 1183 1159 1220 simpliciter
1190 1184 1274 1212 bene
1306 1183 1482 1218 respondet
1515 1190 1574 1218 per
1606 1190 1714 1210 unum

961 1229 1163 1266 principium
1175 1231 1322 1265 tantum,
1332 1228 1458 1258 scilicet
1468 1227 1607 1256 unicum
1621 1227 1716 1255 Prin-

961 1275 1077 1311 cipem.
1119 1276 1170 1304 Ex
1196 1284 1262 1311 quo
1294 1274 1454 1310 sequitur,
1484 1272 1715 1302 Monarchiam

961 1321 1179 1350 necessariam
1193 1320 1330 1355 mundo,
1346 1322 1384 1348 ut
1397 1319 1480 1348 bene
1493 1319 1546 1349 sit.

1000 1366 1112 1396 VIII.
1124 1367 1190 1402 (X.)
1205 1366 1249 1394 Et
1257 1374 1354 1394 omne
1368 1365 1453 1393 iliud
1463 1364 1547 1393 bene
1557 1372 1592 1392 se
1603 1363 1713 1400 habet,

961 1414 994 1440 ct
1005 1412 1137 1448 optime,
1151 1412 1238 1447 quod
1251 1419 1285 1439 se
1298 1410 1399 1439 habet
1409 1410 1592 1439 secundum
1606 1409 1716 1437 inten-

960 1456 1087 1485 tionem
1101 1455 1202 1491 primi
1220 1454 1360 1491 agentis,
1381 1453 1440 1490 qui
1460 1454 1549 1482 Deus
1569 1455 1627 1482 est.
1670 1454 1715 1481 Et

960 1502 1023 1530 hoc
1037 1503 1086 1530 est
1100 1510 1159 1537 per
1172 1510 1206 1530 se
1220 1503 1348 1536 notum,
1363 1499 1430 1528 nisi
1443 1500 1533 1535 apud
1552 1501 1714 1535 negantes

961 1546 1111 1576 divinam
1137 1546 1323 1575 bonitatem
1349 1544 1515 1580 attingere
1542 1553 1712 1573 summum
1728 1557 1746 1584 5

959 1591 1181 1628 perfectionis.
1222 1591 1272 1619 De
1292 1589 1482 1618 intentione
1504 1589 1564 1618 Dei
1590 1591 1651 1626 est,
1674 1592 1714 1618 ut

960 1646 1057 1666 omne
1071 1637 1109 1665 in
1128 1638 1265 1665 tantum
1283 1634 1435 1664 divinam
1454 1635 1714 1664 similitudinem

959 1683 1194 1718 repraesentet,
1209 1681 1246 1710 in
1265 1682 1432 1717 quantum
1444 1680 1578 1716 propria
1591 1682 1716 1709 natura

960 1727 1107 1763 recipere
1131 1728 1248 1763 potest.
1304 1726 1445 1762 Propter
1470 1726 1558 1762 quod
1585 1725 1714 1755 dictum

960 1774 1028 1802 est:
1059 1772 1252 1801 ‘Faciamus
1271 1771 1442 1800 hominem
1465 1772 1509 1800 ad
1530 1771 1713 1807 imaginem
1733 1782 1767 1801 10

960 1820 994 1846 et
1018 1818 1275 1847 similitudinem
1296 1817 1466 1846 nostram!
1506 1816 1600 1850 Quod
1623 1816 1712 1853 licet,

962 1864 1023 1892 ‘ad
1041 1863 1245 1900 imaginem,'
1260 1863 1301 1891 de
1319 1864 1420 1892 rebus
1437 1862 1651 1891 inferioribus
1671 1863 1714 1891 ab

960 1909 1095 1937 homine
1128 1908 1195 1937 dici
1221 1917 1292 1936 non
1324 1907 1438 1944 possit,
1469 1908 1476 1922 ‘
1489 1908 1531 1936 ad
1558 1907 1714 1936 similitu-

961 1955 1093 1983 dinem'
1118 1956 1235 1983 tamen
1261 1955 1302 1982 de
1325 1954 1472 1989 qualibet
1497 1953 1563 1982 dici
1586 1955 1713 1990 potest3

960 2009 1065 2036 quum
1089 2001 1202 2028 totum
1223 1999 1418 2028 universum
1441 1999 1530 2027 nihil
1553 1998 1646 2027 aliud
1669 1999 1714 2028 sit
1732 2003 1764 2032 15

959 2055 1061 2082 quam
1079 2045 1259 2081 vestigium
1280 2045 1446 2080 quoddam
1471 2044 1604 2073 divinae
1623 2044 1715 2073 boni-

959 2090 1047 2120 tatis.
1104 2091 1192 2126 Ergo
1218 2090 1406 2118 humanum
1431 2097 1536 2125 genus
1562 2089 1646 2118 bene
1679 2099 1713 2118 se

960 2136 1063 2165 habet
1082 2138 1115 2164 et
1129 2135 1262 2171 optime,
1278 2135 1412 2170 quando
1428 2135 1612 2163 secundum
1626 2135 1713 2170 quod

959 2182 1068 2216 potest
1090 2181 1158 2209 Deo
1178 2179 1398 2209 adsimilatur.
1439 2179 1504 2207 Sed
1527 2188 1634 2215 genus
1652 2179 1714 2208 hu-

960 2235 1099 2255 manum
1112 2225 1256 2254 maxime
1271 2226 1340 2254 Deo
1353 2225 1565 2254 adsimilatur
1579 2226 1713 2261 quando
1728 2235 1765 2255 ιο

959 2272 1104 2301 maxime
1117 2273 1167 2300 est
1181 2280 1303 2307 unum;
1318 2280 1397 2300 vera
1407 2271 1498 2300 enim
1512 2271 1599 2300 ratio
1611 2271 1713 2300 unius

959 2316 996 2345 in
1017 2317 1086 2346 solo
1105 2316 1164 2344 illo
1185 2318 1244 2345 est.
1286 2317 1424 2352 Propter
1442 2317 1530 2351 quod
1550 2316 1713 2352 scriptum

960 2364 1030 2391 est:
1060 2362 1176 2398 ‘Audj‚
1199 2362 1311 2398 Israel,
1333 2362 1497 2390 Dominus
1523 2362 1611 2390 Deus
1634 2365 1713 2390 tuus

958 2416 1048 2436 unus
1062 2407 1130 2437 est.’

1000 2453 1064 2482 Sed
1077 2454 1159 2481 tunc
1173 2461 1278 2488 genus
1291 2452 1479 2481 humanum
1500 2452 1648 2481 maxime
1661 2454 1712 2481 est
1727 2462 1761 2491 25

958 2507 1074 2535 unum,
1090 2499 1222 2534 quando
1235 2499 1345 2526 totum
1358 2498 1477 2526 unitur
1490 2498 1526 2526 in
1537 2507 1614 2535 une,
1624 2498 1712 2535 quod.
