1780 2820
206 125 279 172 376

170 250 172 254 =
208 235 418 273 philosophos
449 239 520 267 tota
549 237 643 267 nobis
674 237 842 275 innotuit3
881 237 962 267 haec

209 291 230 313 a
253 283 380 319 Spiritu
405 284 536 321 Sancto,
565 283 622 320 qui
645 292 704 320 per
726 283 907 320 Prophetas
929 286 962 312 et

209 327 468 366 Hagiographos,
489 329 546 365 qui
573 337 632 365 per
659 331 872 360 coaeternum
899 328 962 357 sibi

209 373 272 402 Dei
291 374 415 405 Filium
435 375 546 404 Iesum
566 375 744 412 Christum,
762 378 794 404 et
814 384 873 411 per
893 374 964 403 eius

163 429 198 453 70
210 419 396 457 discipulos,
419 421 707 456 supernaturalem
727 420 903 450 veritatem
924 429 962 448 ac

166 488 168 491 ,
211 463 304 492 nobis
345 464 564 494 necessariam
603 464 774 500 revelavit)
815 464 963 496 humana

210 506 374 545 cupiditas
394 511 606 547 poetergaret,
622 510 687 539 nisi
708 509 859 539 homines
878 512 963 538 tam-

210 563 311 590 quam
332 555 416 591 equi,
439 563 499 584 sua
519 555 720 585 bestialitate
742 557 910 592 vagantes,
927 554 962 583 in

211 608 304 629 camo
318 602 352 629 et
365 601 460 629 freno
474 602 762 636 compescerentur
775 600 810 629 in
826 600 888 630 via.

164 651 196 681 75
250 645 389 682 Propter
409 647 496 682 quod
509 654 590 682 opus
609 646 674 674 fuit
689 646 819 674 homini
839 646 964 682 duplici

211 691 379 729 directivo‚
418 693 603 721 secundum
641 691 807 727 duplicem
843 691 944 719 finem
960 702 966 720 :

211 737 337 766 scilicet
358 746 489 766 summo
512 737 679 773 Pontifice,
702 736 760 773 qui
781 738 964 766 secundum

210 782 356 811 revelata
375 782 564 811 humanum
584 790 688 818 genus
708 782 902 818 perduceret
922 783 965 811 ad

211 828 315 857 vitam
355 830 546 864 aetemam3
589 830 622 857 et
660 828 871 864 Imperatore,
908 828 965 864 qui

158 874 196 901 80
211 874 394 902 secundum
406 873 632 909 philosophica
646 874 846 902 documenta
859 883 965 909 genus

211 919 398 948 humanum
439 919 483 947 ad
517 918 733 954 temporalem
770 918 964 948 felicitatem

212 964 378 1000 dirigeret.
422 964 465 992 Et
480 973 584 1000 quum
597 964 640 992 ad
658 963 749 992 hunc
763 966 898 1000 portum
912 965 965 994 vel

212 1010 309 1047 nulli,
335 1010 389 1039 vel
408 1009 516 1046 pauci,
539 1011 572 1038 et
598 1009 635 1038 hi
663 1018 740 1038 cum
768 1009 965 1040 difficultate

211 1055 318 1084 nimia
354 1055 524 1091 pervenire
562 1054 698 1091 possint,
739 1054 805 1083 nisi
843 1055 973 1084 sedatis

161 1104 196 1138 85
212 1101 368 1130 fluctibus
392 1101 533 1129 blandae
555 1099 756 1136 cupiditatis,
779 1109 882 1136 genus
905 1100 966 1129 hu-

212 1157 352 1176 manum
378 1146 519 1176 liberum
542 1146 579 1175 in
603 1146 695 1183 pacis
718 1146 966 1182 tranquillitate

212 1194 378 1230 quiescat:
398 1193 459 1222 hoc
481 1195 530 1222 est
551 1193 637 1221 illud
655 1192 790 1229 signum
814 1193 858 1222 ad
879 1194 965 1229 quod

212 1239 356 1268 maxime
383 1239 480 1268 debet
506 1239 680 1268 intendere
707 1240 842 1270 curator
868 1238 964 1274 orbis,

213 1284 270 1321 qui
284 1285 409 1313 dicitur
423 1285 590 1314 Romanus
604 1284 771 1321 Princeps,
786 1286 826 1313 ut
839 1284 966 1313 scilicet

158 1340 197 1367 90
212 1331 249 1360 in
263 1331 374 1360 areola
387 1330 453 1360 ista
466 1330 660 1360 mortalium
679 1330 781 1359 libere
796 1339 872 1358 cum
886 1339 966 1366 pace

212 1377 352 1406 vivatur.
378 1378 550 1412 Quumque
561 1375 728 1412 dispositio
737 1375 857 1404 mundi
866 1375 967 1404 huius

212 1423 460 1458 dispositionem
474 1421 706 1450 inhaerentem
720 1421 885 1450 coelorum
906 1420 968 1449 cir-

213 1468 375 1497 culationi
396 1470 571 1504 sequatur;
602 1475 733 1496 necesse
758 1469 807 1495 est
834 1468 877 1496 ad
904 1467 966 1495 hoc

213 1516 252 1543 ut
277 1514 377 1543 utilia
404 1514 603 1543 documenta
628 1513 794 1542 libertatis
820 1514 853 1541 et
877 1512 966 1549 pacis

162 1571 198 1598 95
213 1561 381 1589 commode
394 1559 474 1588 locis
487 1561 521 1588 et
534 1558 736 1594 temporibus
754 1558 967 1594 applicentur

213 1606 254 1635 de
279 1608 429 1635 curatore
450 1605 522 1641 isto,
545 1603 728 1640 dispensari
748 1605 790 1632 ab
811 1604 883 1639 1110,
909 1604 966 1640 qui

211 1653 349 1681 totalem
383 1652 547 1681 coelorum
587 1650 835 1686 dispositionem
875 1659 966 1686 prae-

212 1698 400 1726 sentialiter
412 1697 572 1725 intuetur.
609 1695 672 1724 Hic
687 1697 801 1724 autem
815 1698 865 1724 cst
878 1696 966 1724 solus

214 1743 284 1780 Ille,
298 1743 354 1779 qui
367 1743 456 1772 hanc
469 1741 724 1778 praeordinavit,
736 1743 776 1770 ut
786 1750 846 1777 per
859 1741 965 1777 ipsam

144 1799 196 1817 100
213 1790 286 1825 Ipse
313 1789 487 1825 providens
513 1788 581 1818 suis
610 1787 783 1817 ordinibus
817 1796 965 1823 quaeque

212 1837 430 1864 connecteret.

254 1881 346 1915 Quod
360 1881 388 1909 si
401 1881 450 1910 ita
470 1882 528 1918 est,
544 1880 634 1910 solus
653 1879 747 1917 eligit
761 1879 858 1916 Deus,
875 1879 966 1908 solus

214 1927 283 1963 ipse
316 1927 500 1964 confirmat,
529 1935 633 1963 quum
665 1925 867 1962 superiorem
896 1934 966 1954 non

580 125 675 163 DE
704 125 1068 164 MONARCHIA:
1106 125 1176 162 111.
1204 124 1298 162 CAP.
1327 126 1380 161 16.

1015 236 1144 267 habeat.
1187 236 1238 265 Ex
1260 245 1325 272 quo
1347 235 1463 266 haberi
1486 239 1592 272 potest
1614 237 1764 276 ulterius,

1015 282 1102 318 quod
1127 290 1189 310 nec
1214 281 1270 310 isti
1292 280 1350 317 qui
1371 289 1471 317 nunc,
1495 289 1555 310 nec
1576 281 1635 311 alii
1649 282 1767 315 ,euius-

1015 336 1156 363 cumque
1170 326 1260 355 modi
1281 326 1365 354 dicti
1384 326 1513 355 fuerint
1527 327 1703 365 Elector-es,
1718 328 1767 358 sie

1015 373 1148 402 dicendi
1163 374 1260 407 sunt;
1283 371 1365 408 quin
1387 371 1497 407 potius
1514 372 1768 404 denunciatores

1015 418 1148 448 divinae
1158 417 1387 454 providentiae
1398 419 1478 446 sunt
1489 417 1642 448 habendi.
1671 419 1767 448 Unde

1015 464 1055 492 fit
1078 464 1165 499 quod
1186 463 1366 498 aliquando
1387 462 1562 498 patiantur
1581 462 1766 501 dissidium,

1015 509 1134 544 quibus
1148 507 1377 537 denunciandi
1392 507 1601 543 dignitasrest
1618 507 1770 538 indulta:

1015 554 1067 583 vel
1082 554 1160 590 quia
1179 558 1303 590 omnes,
1319 553 1371 582 vcl
1391 552 1470 589 quia
1489 553 1625 588 quidam
1645 562 1777 591 eorum‚.

1016 599 1138 628 nebula
1171 598 1365 634 cupiditatis
1391 597 1608 635 obtenebrati,
1637 597 1769 628 divinae

1016 644 1273 680 dispensationis
1287 643 1406 672 faciem
1420 652 1488 672 non
1503 643 1707 674 discernunt.

1057 691 1111 719 Sic
1126 699 1202 726 ergo
1222 691 1315 725 patet
1337 689 1426 726 quod
1445 688 1627 719 auotoritas
1645 690 1769 726 tempo-

1016 736 1096 766 ralis
1131 735 1342 770 Monarchae,
1378 734 1450 764 sine
1482 734 1551 764 ullo
1586 734 1702 772 medio,
1730 735 1767 764 in

1017 783 1127 818 ipsum
1154 783 1194 811 de
1218 781 1310 810 fonte
1335 779 1532 810 universalis
1557 780 1769 810 auctoritatis

1017 827 1196 858 descendit.
1240 826 1303 863 Qui
1323 826 1472 863 ,quidem
1505 826 1589 862 fons,
1623 826 1660 855 in
1693 835 1768 856 arce

1017 883 1096 903 suae
1118 872 1346 908 simplicitatis
1366 871 1490 908 unitus,
1511 871 1546 900 in
1566 871 1769 908 multiplices

1017 920 1126 949 alveos
1140 919 1255 948 influit
1269 927 1309 947 ex
1322 917 1531 947 abundantia
1542 917 1708 949 bonitatis.

1058 966 1103 994 Et
1124 965 1193 994 iam
1221 963 1304 993 satis
1325 963 1440 993 videor
1463 964 1589 993 metam
1614 962 1770 1000 adtigisse

1018 1011 1227 1048 propositam·
1271 1009 1457 1038 Enucleata
1481 1017 1625 1045 namque
1648 1008 1770 1040 veritae

1018 1059 1068 1086 est
1097 1055 1298 1093 quaestionis
1332 1054 1423 1083 illius
1451 1063 1518 1090 qua
1550 1053 1770 1090 quaerebatur

991 1114 994 1127 τ
1018 1104 1134 1131 utrum
1155 1102 1198 1130 ad
1212 1101 1295 1130 bene
1317 1109 1386 1129 esse
1407 1099 1527 1128 mundi
1548 1098 1769 1129 necessarium

1018 1150 1104 1178 esset
1124 1146 1326 1176 Monarchae
1347 1145 1515 1174 officium?
1534 1153 1572 1174 ac
1593 1144 1685 1174 illius
1704 1154 1778 1182 qua,

1019 1191 1239 1230 quaerebatur
1255 1202 1299 1222 an
1312 1193 1480 1220 Romanus
1494 1191 1635 1227 populus
1647 1191 1687 1220 de
1697 1191 1768 1222 iure

1019 1240 1202 1276 Imperium
1216 1238 1279 1268 sibi
1293 1237 1471 1267 adsciverit
1481 1238 1495 1266 Ρ
1515 1246 1578 1266 nec
1591 1246 1660 1266 non
1677 1237 1768 1268 illiu-

1018 1286 1157 1315 ultimae
1178 1294 1244 1322 qua
1264 1284 1485 1321 quaerebatur
1505 1292 1550 1312 an
1572 1282 1777 1314 Monarchae

1018 1331 1200 1361 auctoritas
1220 1340 1241 1359 a
1254 1331 1332 1366 Deo,
1348 1329 1401 1359 vel
1420 1329 1462 1358 ab
1483 1328 1550 1358 alio
1570 1329 1770 1365 dependeret

1018 1376 1210 1406 immediate
1219 1377 1232 1405 Ρ
1254 1376 1344 1410 Quae
1355 1375 1490 1412 quidem
1499 1374 1621 1404 veritas
1630 1373 1768 1404 ultimae

1018 1421 1222 1459 quaestionis
1234 1430 1303 1450 non
1317 1420 1364 1449 sic
1378 1420 1493 1449 stricte
1506 1419 1696 1456 recipienda
1707 1421 1768 1457 est,

1017 1469 1057 1497 ut
1071 1468 1241 1496 Romanus
1261 1466 1417 1502 Princeps
1438 1465 1474 1494 in
1495 1465 1608 1502 aliquo
1621 1466 1769 1495 Romano

1018 1513 1173 1542 Pontifici
1194 1521 1263 1541 non
1283 1512 1469 1547 subiaceat;
1498 1520 1602 1547 quum
1621 1511 1770 1540 mortalia

1017 1558 1083 1587 ista
1088 1558 1234 1587 felicitas
1245 1558 1488 1594 quodammodo
1496 1557 1539 1585 ad
1548 1556 1771 1586 immortalem

1016 1603 1212 1634 felicitatem
1238 1603 1420 1632 ordinetur.
1462 1602 1528 1631 Illa
1554 1602 1658 1638 igitur
1682 1611 1772 1632 reve-

1017 1649 1128 1678 rentia
1154 1650 1273 1678 Caesar
1305 1650 1423 1676 utatur
1457 1648 1499 1676 ad
1531 1647 1676 1683 Petrum,
1705 1655 1771 1684 qua

1017 1694 1260 1732 primogenitus
1274 1693 1364 1722 filius
1384 1693 1481 1723 debet
1494 1692 1546 1721 uti
1565 1693 1608 1721 ad
1621 1695 1768 1728 patremg

1017 1742 1058 1770 ut
1075 1741 1150 1769 luce
1169 1741 1328 1776 paternae
1348 1738 1474 1775 gratiae
1494 1738 1691 1774 illustratus,
1705 1738 1778 1767 vir-·

1017 1786 1145 1815 tuosius
1158 1786 1270 1814 orbem
1284 1787 1394 1814 terrae
1412 1784 1560 1820 irradiet,
1576 1783 1630 1812 cui
1644 1784 1686 1813 ab
1704 1783 1768 1812 mo

1017 1833 1086 1862 solo
1099 1831 1285 1869 praefectus
1299 1832 1348 1859 est
1362 1829 1421 1866 qui
1440 1832 1490 1858 est
1503 1829 1654 1858 omnium
1673 1828 1767 1866 spiri-

1017 1878 1164 1910 tualium
1177 1879 1210 1908 et
1223 1876 1458 1914 temporalium
1470 1875 1680 1913 gubernator.
