1780 2820
448 141 525 179 DE
553 139 919 178 MONARCHIA:
956 139 1027 176 ΙΙΙ.
1055 140 1149 177 ΕΑΡ.
1178 151 1308 186 12,13.

97 253 226 283 ultimis
249 254 292 283 ad
321 253 571 283 Nicomachum.
614 253 656 282 In
685 253 850 289 quantum

96 309 173 328 vero
200 301 279 329 sunt
307 299 446 329 relativa
480 300 652 336 quaedam,
680 301 720 328 ut
746 300 849 335 patet,

95 345 285 375 reducenda
297 347 376 374 sunt
385 345 439 374 vel
450 345 492 374 ad
507 344 661 381 invicem,
669 344 697 373 si
706 344 851 373 alterum

0 395 1 434 ζ
44 399 80 428 70
95 391 347 420 subalternatur
366 391 465 421 alteri
476 402 483 428 ;
505 391 557 421 vel
578 391 615 419 in
635 389 742 427 specie
765 399 851 419 com-

0 438 4 461 Ι

0 472 2 484 ι

95 437 272 467 municant
285 446 345 473 per
358 439 516 466 naturam
530 436 703 466 relationis
716 445 722 470 ;
738 436 791 465 vel
805 437 849 465 ad

95 482 227 518 aliquod
261 482 401 511 tertium
434 482 478 511 ad
513 482 599 518 quod
632 482 848 518 reducantur,

94 529 267 564 tamquam
278 528 320 557 ad
335 537 545 556 communem
559 527 738 557 unitatem.
783 527 849 556 Sed

94 581 163 603 non
183 575 292 611 potest
313 573 388 610 dici,
411 575 498 610 quod
522 574 667 603 alterum
691 574 851 603 subalter-

0 651 6 665 μ
44 626 78 656 75
95 621 196 649 netur
213 619 331 656 alteri;
360 618 439 656 quia
458 619 509 649 sic⁴
526 619 673 649 alterum
688 620 729 649 de
742 620 850 649 altero

93 665 361 702 praedicaretur:
395 666 482 702 quod
511 667 560 695 est
585 666 716 695 falsum.
773 665 848 695 Non

93 709 185 739 enim
205 709 365 740 dicimus:
392 711 577 746 Imperator
596 712 647 740 est
666 711 764 747 Papa,
787 720 850 740 nec

93 764 112 785 e
132 764 297 785 converso.
340 755 408 785 Nec
428 758 536 792 potest
556 756 632 793 dici,
656 758 743 793 quod
764 766 850 786 com-

36 802 40 808 '
93 801 266 831 municent
282 801 318 830 in
332 801 459 838 specie;
488 811 591 838 quum
612 802 680 832 alia
699 803 744 832 sit
763 803 851 832 ratio

0 838 19 889 f,
38 845 78 873 80
93 846 209 884 Papae,
243 847 311 877 alia
351 848 575 885 Imperatoris,
612 848 649 877 in
684 851 849 885 quantum

92 891 303 922 huiusmodi:
323 903 401 930 crgo
419 894 628 923 reducuntur
647 895 690 923 ad
709 894 847 932 aliquid,

92 937 129 967 in
143 947 208 974 quo
221 938 347 968 habent
361 938 462 969 uniri.

133 983 271 1020 Propter
289 985 377 1020 quod
397 983 579 1022 sciendum,
600 985 687 1021 quod
706 985 793 1014 sicut
815 995 849 1015 se

92 1028 194 1058 habet
206 1029 325 1059 relatio
335 1030 378 1059 ad
392 1030 598 1067 relationem,
610 1031 658 1060 sic
667 1030 847 1060 relativum

11 1054 13 1058 Α
40 1074 78 1110 85
92 1075 135 1103 ad
159 1075 345 1106 relativum.
389 1075 424 1105 Si
448 1085 525 1113 ergo
548 1077 694 1113 Papatus
721 1079 755 1106 et
782 1077 848 1106 Im-

92 1119 248 1156 periatus,
265 1129 368 1156 quum
381 1121 451 1150 sint
467 1121 646 1151 relationes
665 1122 848 1158 superposi-

91 1164 203 1202 tionis,
238 1165 386 1195 habeant
425 1166 539 1196 reduci
574 1168 617 1196 ad
658 1170 845 1204 respectum

91 1211 371 1248 superpositionis,
387 1221 407 1241 a
427 1221 491 1248 quo
509 1215 661 1249 respectu
682 1223 759 1242 cum
777 1214 846 1243 suis

27 1261 36 1274 ¹
92 1255 369 1286 differentialibus
410 1258 636 1296 descendunt;
678 1259 768 1295 Papa
811 1261 845 1288 et

34 1301 284 1338 9o-Imperator‚
314 1311 417 1338 quum
448 1302 518 1332 sint
551 1303 700 1340 relativa,
730 1304 845 1333 reduci

51 1351 59 1359 ·
86 1345 262 1376 'habebunt
283 1349 326 1377 ad
349 1348 483 1385 aliquod
510 1357 617 1377 umun
643 1348 680 1378 in
706 1358 770 1385 quo
796 1358 845 1379 re-

89 1391 240 1428 periatur
266 1393 335 1430 ipse
363 1395 532 1430 respectus
558 1394 842 1432 superpositionis,

89 1437 211 1474 absque
225 1438 503 1468 differentialibus
517 1439 601 1469 aliis.
646 1440 688 1468 Et
702 1439 765 1469 hoc
779 1441 844 1469 erit

89 1482 143 1511 vel
167 1483 237 1519 ipse
259 1484 358 1521 Deus,
384 1484 420 1513 in
449 1493 514 1521 quo
540 1487 708 1521 respectus
734 1485 843 1516 omnis

34 1532 72 1562 95
88 1527 323 1558 universaliter
355 1530 492 1566 unitur;
534 1530 588 1559 vel
621 1530 736 1567 aliqua
769 1532 843 1560 sub-

87 1573 215 1603 stantia
239 1574 308 1604 Deo
340 1574 488 1612 inferior,
516 1575 553 1604 in
579 1584 644 1612 qua
673 1579 842 1613 respectus

86 1620 364 1657 superpositionis,
393 1630 453 1658 per
480 1621 705 1651 differentiam
732 1631 843 1658 super-

86 1665 268 1703 positionis,
281 1675 303 1695 a
315 1667 458 1704 simplici
467 1669 619 1704 respectu
629 1668 840 1705 descendens,

87 1711 315 1746 particuletnr.
359 1712 404 1741 Et
416 1712 463 1742 sic
476 1715 578 1749 patet,
595 1714 681 1749 quod
698 1713 788 1749 Papa
807 1716 841 1743 et

18 1755 72 1783 loo
87 1755 282 1793 Imperator,
298 1757 335 1786 in
354 1760 518 1794 quantum
539 1758 698 1794 homines,
714 1758 841 1788 habent

85 1802 200 1831 reduci
213 1802 255 1831 ad
271 1811 397 1839 unum3
419 1803 455 1832 in
476 1806 640 1840 quantum
655 1813 732 1832 vero
750 1804 842 1840 Papa

86 1848 119 1874 et
134 1846 329 1884 Imperator,
344 1849 387 1877 ad
400 1848 514 1878 aliud:
535 1851 568 1878 et
586 1858 645 1886 per
666 1849 729 1878 hoc
749 1852 842 1886 patet

85 1892 129 1920 ud
144 1892 316 1922 rationem.

125 1936 238 1967 xn1.
253 1939 355 1973 (XII.)
374 1939 493 1968 Positis
513 1942 548 1969 et
565 1940 707 1970 exclusis
721 1941 839 1970 errori-

83 1982 144 2011 bus
184 1983 303 2019 quibus
342 1985 510 2021 potissime
543 1985 745 2015 innituntur
779 1987 837 2023 qui

85 2027 228 2057 Romani
242 2029 454 2066 Principatus
467 2031 706 2062 auctoritatem
717 2033 837 2069 depen-

84 2073 162 2102 dere
175 2072 293 2103 ‹licunt
307 2083 328 2104 a
342 2075 491 2104 Romano
510 2076 680 2114 Pontifice,
697 2078 836 2107 redeun-

49 2127 67 2155 5
84 2118 165 2146 dum
179 2120 230 2147 est
241 2119 284 2147 ad
297 2121 538 2150 ostendendum
549 2122 725 2151 veritatem
735 2123 836 2152 huius

82 2163 201 2192 tertiae
216 2164 425 2202 quaestionis,
441 2175 524 2202 quae
545 2175 566 2195 a
585 2167 750 2204 principio
771 2168 835 2198 dis-

82 2207 240 2238 cutienda
272 2211 534 2246 proponebatur:
578 2222 662 2248 quae
697 2213 832 2249 quidem

83 2254 205 2284 veritas
243 2256 416 2292 apparebit
454 2257 666 2295 sufficienter,
703 2259 731 2288 si
772 2260 834 2288 sub

83 2300 228 2335 praefixo
240 2301 405 2337 principio
422 2302 632 2340 inquirendo,
647 2305 833 2340 praefatam

35 2352 69 2372 ιο
83 2346 317 2376 auctoritatem
351 2347 542 2377 immediate
585 2349 769 2385 dependere
813 2360 835 2379 a

82 2391 229 2421 culmine
243 2391 345 2422 totius
363 2393 451 2422 entis
469 2396 651 2431 ostendero,
668 2395 723 2431 qui
746 2397 834 2425 Deus

81 2439 139 2467 est.
194 2437 239 2467 Et
258 2438 320 2468 hoc
341 2439 405 2468 erit
425 2443 603 2477 ostensum,
628 2441 681 2471 vel
704 2442 731 2471 si
759 2451 834 2471 auc-

79 2483 198 2513 toritas
237 2484 403 2515 Ecclesiae
438 2489 646 2516 removeatur
677 2489 719 2516 ab
762 2488 831 2524 illa,

80 2536 185 2566 quum
207 2529 247 2560 de
273 2530 341 2560 alia
364 2539 432 2560 non
454 2532 498 2561 sit
521 2532 712 2569 alter-cutim
735 2533 787 2563 vel
805 2533 834 2563 si

1594 150 1666 186 373

905 251 1070 281 ostensive
1106 251 1264 288 probetur
1306 259 1327 279 a
1367 250 1435 279 Deo
1472 249 1665 280 immediate
1688 263 1697 282 ι
1702 264 1718 290 5

905 297 1099 333 dependere.
1210 295 1213 297 ’

945 343 1038 377 Quod
1059 344 1173 371 autem
1195 341 1379 371 auctoritas
1403 341 1570 371 Ecclesiae
1594 350 1662 370 non

905 388 950 417 sit
964 397 1065 417 causa
1074 387 1262 423 Imperialis
1272 386 1493 423 auctoritatis,
1504 387 1664 422 probatur

903 433 975 463 sic:
1003 433 1102 470 Illud,
1131 442 1196 470 quo
1223 441 1291 461 non
1315 432 1479 461 existente
1507 433 1569 460 aut
1593 441 1659 468 quo

905 488 973 508 non
997 479 1178 515 virtuante,
1201 477 1295 507 aliud
1315 477 1416 506 habet
1436 478 1544 506 totam
1566 486 1661 506 suam
1683 488 1720 507 πυ

904 522 1074 562 virtutem,
1101 533 1170 554 non
1195 525 1245 553 est
1269 532 1370 552 causa
1390 523 1483 552 illius
1505 522 1662 559 virtutis3
1685 558 1689 564 .

903 572 961 600 sed
982 571 1130 600 Ecclesia
1150 578 1220 599 non
1241 569 1404 599 existente
1427 570 1487 598 aut
1506 577 1574 597 non
1596 568 1661 597 vir-

904 618 1033 654 tuante,
1063 615 1247 653 Imperium
1281 615 1403 644 habuit
1430 616 1538 643 totam
1566 623 1661 643 suam

903 663 1089 692 virtutem:
1119 671 1198 699 ergo
1219 660 1368 691 Ecclesia
1390 669 1459 689 non
1488 662 1538 690 est
1561 669 1662 690 causa

903 708 1042 738 virtutis
1063 707 1211 744 Imperii,
1235 709 1269 737 et
1292 715 1352 743 per
1375 714 1577 742 consequens
1600 715 1662 736 nec
1681 714 1716 742 ²5

903 753 1123 790 auctoritatis,
1157 762 1260 789 quum
1287 752 1375 781 idem
1409 751 1454 781 sit
1487 751 1595 780 virtus
1629 754 1663 780 et

903 799 1086 829 auctoritas
1113 798 1192 828 eius.
1236 799 1288 828 Sit
1314 797 1463 828 Ecclesia
1486 796 1525 834 A,
1554 797 1662 833 Impe-

903 845 993 875 rium
1008 847 1045 883 B,
1061 846 1244 875 auctoritas
1263 845 1332 874 sive
1346 844 1454 874 virtus
1475 843 1612 880 Imperii
1627 844 1659 873 G.

903 891 939 920 Si
959 901 1030 921 non
1051 891 1215 922 existente
1229 891 1268 928 A,
1285 891 1308 920 C
1330 892 1379 919 est
1400 890 1437 919 in
1460 890 1497 926 B,
1513 889 1661 926 impossi-

903 937 968 966 bile
989 939 1039 967 est
1059 937 1089 966 A
1113 946 1182 967 esse
1202 945 1336 966 causam
1359 935 1431 965 eius
1455 936 1543 971 quod
1564 937 1614 964 est
1635 935 1659 964 C
1678 942 1715 968 30

902 993 971 1014 esse
985 983 1022 1012 in
1037 984 1064 1012 B
1078 993 1084 1020 ;
1106 992 1210 1020 quum
1225 981 1427 1018 impossibile
1441 980 1485 1010 sit
1500 980 1659 1010 effectum

901 1030 1096 1066 praecedere
1124 1038 1259 1058 causam
1287 1028 1324 1057 in
1351 1036 1429 1057 esse.
1473 1026 1602 1063 Adhuc,
1631 1026 1660 1056 si

901 1076 990 1105 nihil
1010 1077 1167 1112 operante
1181 1074 1220 1111 A,
1236 1075 1260 1104 C
1277 1076 1326 1103 est
1345 1073 1382 1102 in
1403 1073 1440 1110 B,
1457 1081 1588 1102 necesse
1609 1074 1660 1102 est

901 1122 930 1150 A
943 1131 1012 1150 non
1028 1130 1097 1151 esse
1117 1129 1252 1150 causam
1273 1119 1346 1149 eius
1367 1119 1454 1156 quod
1475 1120 1525 1148 est
1545 1118 1569 1147 C
1589 1128 1658 1148 esse

900 1167 936 1196 in
952 1168 979 1196 Β
993 1177 999 1203 ;
1022 1176 1127 1203 quum
1141 1175 1273 1195 necesse
1285 1165 1330 1195 sit
1344 1166 1387 1194 ad
1401 1164 1656 1202 productionem
1677 1174 1711 1200 35

899 1213 1038 1242 effectus
1058 1211 1267 1248 praeoperari
1292 1219 1438 1247 causam,
1459 1210 1657 1247 praesertim

899 1258 1107 1294 efficientem,
1125 1258 1165 1286 de
1181 1267 1247 1294 qua
1259 1256 1461 1286 intenditur.

938 1304 1045 1333 Maior
1058 1303 1238 1340 propositio
1250 1303 1351 1333 huius
1362 1301 1657 1332 demonstrationis

897 1350 1068 1378 declarata
1102 1351 1153 1378 cst
1195 1348 1231 1378 in
1274 1348 1447 1385 terminis;
1490 1347 1654 1377 minorem

897 1395 1050 1424 Christus
1064 1396 1098 1424 et
1111 1394 1261 1423 Ecclesia
1275 1394 1460 1423 confirmat.
1503 1393 1656 1422 Christus
1675 1405 1714 1433 4⁰

896 1441 1063 1470 nascendo
1072 1442 1105 1470 et
1119 1439 1299 1475 moriendo,
1312 1441 1351 1468 ut
1363 1438 1513 1475 superius
1525 1438 1654 1467 dictum

895 1488 963 1523 est;
997 1485 1155 1522 Ecclesia,
1181 1494 1285 1522 quum
1307 1485 1431 1514 Paulus
1455 1484 1491 1512 in
1514 1483 1656 1513 Actibus
1695 1518 1697 1520 v

894 1532 1127 1568 Apostolorum
1169 1531 1260 1559 dicat
1294 1531 1338 1559 ad
1379 1530 1537 1559 Festum:
1581 1529 1653 1559 ‘Ad

894 1578 1048 1606 tribunal
1079 1576 1228 1606 Caesaris
1261 1578 1321 1612 sto,
1351 1575 1409 1604 ubi
1437 1584 1490 1604 me
1524 1577 1654 1611 oportet

893 1623 1035 1652 iudicari
1044 1623 1066 1659 3'
1081 1631 1185 1659 quum
1200 1622 1302 1652 etiam
1315 1622 1464 1658 Angelus
1478 1620 1539 1650 Dei
1550 1621 1654 1650 Paulo
1671 1631 1690 1659 4
1694 1631 1711 1658 5

894 1669 1017 1698 dixerit
1037 1677 1157 1705 pamm
1177 1669 1270 1704 post:
1300 1668 1368 1696 ‘Ne
1389 1667 1517 1703 timeas,
1541 1666 1651 1703 Paule,

894 1714 1026 1744 Caesari
1050 1716 1084 1743 te
1109 1715 1240 1750 oportet
1265 1713 1445 1742 adsistere)
1487 1712 1531 1741 Et
1559 1711 1652 1740 infru,

892 1759 1018 1789 iterum
1037 1760 1160 1789 Paulus
1178 1760 1222 1788 ad
1242 1759 1382 1788 Iudaeos
1402 1758 1599 1787 exsistentes
1615 1757 1651 1786 in

894 1805 1011 1835 Italia:
1034 1804 1363 1834 ‘contradicentibus
1377 1807 1491 1833 autem
1506 1803 1649 1840 Iudaeis,

892 1853 1026 1879 coactus
1062 1859 1138 1879 sum
1166 1849 1336 1886 appellare
1367 1850 1552 1885 Caesarem,
1582 1857 1649 1877 non
1668 1862 1705 1889 50

892 1895 986 1932 quasi
999 1898 1133 1932 gentem
1148 1904 1257 1924 meam
1271 1895 1398 1923 habens
1411 1894 1541 1930 aliquid
1555 1903 1650 1923 accu-

891 1950 972 1977 sare,
996 1941 1053 1970 sed
1075 1942 1114 1970 ut
1135 1949 1285 1969 eruerem
1306 1939 1455 1968 {mimam
1476 1948 1586 1968 meam
1609 1940 1650 1968 de

890 1990 1005 2016 morte.
1011 1987 1018 2000 '
1059 1987 1152 2021 Quod
1172 1985 1200 2014 si
1222 1986 1341 2014 Caesar
1364 1985 1433 2013 iam
1458 1986 1540 2014 tune
1565 1984 1650 2014 iudi-

890 2033 989 2062 candi
1010 2031 1207 2068 temporalia
1227 2040 1294 2059 non
1314 2030 1484 2060 habuisset
1505 2030 1648 2059 auetori-

889 2080 1003 2114 tatem,
1019 2087 1081 2106 nec
1096 2076 1248 2106 Christus
1263 2076 1325 2104 hoc
1339 2075 1564 2112 persuasisset,
1586 2085 1647 2105 nec
1665 2093 1700 2120 55

888 2122 1037 2158 Angelus
1059 2121 1120 2150 illa
1147 2121 1248 2149 verba
1276 2120 1480 2156 nunciasset,
1505 2128 1566 2148 nec
1589 2120 1647 2149 illc

887 2168 946 2204 qui
961 2167 1112 2196 dicebat.
1135 2166 1255 2202 ‘Cupio
1270 2165 1405 2194 dissolvi
1425 2167 1458 2194 et
1477 2174 1546 2194 esse
1568 2174 1644 2194 cum

888 2213 1038 2249 Christ0‚'
1060 2212 1343 2248 incompetentem
1368 2210 1513 2240 iudicem
1536 2211 1646 2247 appel-

885 2258 994 2288 lasset.

926 2305 961 2333 Si
996 2305 1098 2333 ctiam
1134 2303 1376 2334 Constantinus
1409 2303 1643 2332 auctoritatem
1662 2312 1701 2339 ⁶0

887 2359 955 2379 non
970 2350 1141 2379 habuisset
1162 2350 1199 2378 in
1219 2349 1443 2386 patrocinium
1465 2348 1642 2384 Ecclesiae,

887 2397 945 2426 illa
959 2406 1042 2432 quae
1057 2397 1097 2426 de
1112 2395 1256 2432 Imperio
1269 2395 1444 2431 deputavit
1458 2394 1498 2430 ei,
1515 2395 1554 2422 de
1569 2393 1642 2422 iure

886 2443 1046 2478 deputare
1067 2451 1134 2470 non
1155 2441 1333 2477 potuisset;
1363 2442 1396 2469 et
1426 2439 1473 2469 sic
1497 2439 1644 2468 Ecclesia

885 2488 946 2518 illa
972 2488 1149 2518 collatione
1177 2488 1330 2516 uteretur
1362 2485 1504 2521 iniuste;
1539 2493 1643 2521 quum

885 2535 975 2564 Deus
996 2534 1078 2564 velit
1097 2532 1282 2563 oblationes
1304 2541 1373 2562 esse
1398 2530 1641 2568 immaculatas,
1661 2537 1697 2571 65
