1780 2820
153 125 224 170 362

192 234 285 264 XII.
315 235 458 264 Maxime
493 234 583 263 enim
617 235 836 271 fremuerunt,
872 238 905 264 et

154 281 273 310 inania
286 281 439 310 meditati
460 282 539 309 sunt
557 280 594 309 in
609 281 798 310 Romanum
816 281 905 317 prin-

154 327 310 363 cipatum,
333 326 390 362 qui
412 326 573 355 zelatores
598 325 676 355 fidei
699 326 907 356 Christianae

153 381 186 401 se
218 372 350 408 dicunt;
386 381 447 401 nec
478 371 613 400 miseret
639 380 693 400 eos
721 380 904 407 pauperum

118 423 135 450 5
153 417 285 453 Christi,
301 417 419 452 quibus
439 426 506 444 non
521 416 628 445 solum
643 416 852 445 defraudatio
866 416 905 445 fit

152 462 188 491 in
223 462 435 491 ecclesiarum
474 462 708 498 proventibus;
755 462 906 497 quinimo

151 507 355 543 patrimonia
379 507 452 543 ipsa
481 507 628 543 quotidie
655 507 843 543 rapiuntur,
871 510 905 536 et

153 554 396 589 depauperatur
422 552 578 589 Ecclesia,
608 553 689 581 dum
716 552 906 582 simulando

151 598 324 635 iustitiam,
341 600 574 634 exequutorem
595 598 741 628 iustitiae
761 607 830 627 non
850 599 906 627 ad-

102 654 135 673 ιο
151 644 304 673 mittunt.

192 690 259 719 Nec
277 690 345 718 iam
360 690 592 726 depauperatio
612 690 689 719 talis
709 690 830 726 absque
844 690 905 719 Dei

152 735 274 764 iudicio
294 735 342 772 fit,
357 744 461 771 quum
474 744 536 764 nec
550 735 750 771 pauperibus
765 745 903 771 quorum

152 780 354 816 patrimonia
367 782 446 809 sunt
458 781 622 810 Ecclesiae
633 781 810 810 facultates
824 781 904 810 inde

150 826 376 862 subveniatur,
395 835 501 862 neque
522 826 564 854 ab
583 825 742 855 offerente
762 826 905 862 Imperio

104 881 134 907 ¹5
151 880 229 899 cum
269 871 475 908 gratitudine
513 873 700 901 teneantur.
754 872 902 901 Redeant

150 917 240 945 unde
261 918 445 946 venerunt:
465 919 630 945 venerunt
650 917 742 953 bene,
762 918 904 946 redeunt

150 962 246 999 male,
273 962 350 998 quia
373 962 456 991 bene
484 962 563 991 data
590 964 624 990 et
647 963 733 991 male
760 971 905 998 possessa

150 1009 238 1037 sunt.
282 1007 368 1042 Quid
388 1008 431 1036 ad
452 1010 598 1043 pastores
618 1008 725 1037 tales?
766 1008 852 1041 Quid
875 1009 903 1038 si

151 1052 315 1081 Ecclesiae
342 1052 529 1081 substantia
556 1052 688 1089 diffluit,
718 1051 799 1081 dum
831 1062 904 1089 pro-

98 1112 135 1130 20
150 1098 308 1134 prietates
328 1098 587 1134 propinquorum
607 1108 742 1128 suorum
767 1108 903 1136 exauge-

149 1147 253 1173 antur
263 1145 277 1173 P
305 1145 369 1174 Sed
382 1145 495 1174 forsan
506 1145 623 1174 melius
637 1147 686 1174 est
699 1145 903 1182 propositum

148 1189 309 1227 prosequi,
333 1192 366 1219 et
393 1191 454 1219 sub
480 1190 534 1226 pio
561 1191 695 1220 silentio
723 1191 903 1220 Salvator-is

149 1236 255 1264 nostri
271 1238 459 1272 exspectare
473 1245 674 1267 succursum.

187 1281 269 1309 Dico
281 1290 365 1318 ergo,
379 1282 465 1317 quod
479 1281 507 1309 si
521 1282 710 1310 Romanum
723 1282 901 1318 imperium

98 1337 131 1363 ²5
149 1328 189 1356 de
202 1327 274 1355 iure
289 1336 358 1355 non
372 1327 447 1363 fuit,
464 1326 615 1355 Christus
629 1328 797 1356 nascendo
810 1336 902 1364 prae-

148 1373 289 1409 sumpsit
300 1373 474 1403 iniustum.
496 1374 706 1409 Consequens
712 1376 762 1402 est
767 1374 899 1410 falsum,

147 1428 224 1456 ergo
258 1419 553 1448 contradictorium
590 1420 818 1448 antecedentis
851 1423 901 1448 est

146 1474 272 1495 verum.
315 1465 472 1494 Inferunt
486 1465 577 1494 enim
596 1474 630 1494 se
643 1466 901 1495 contradictoria

146 1510 291 1539 invicem
305 1519 325 1539 a
338 1510 503 1539 contrario
516 1519 621 1539 sensu.

94 1567 131 1593 30
187 1556 380 1585 Falsitatem
400 1555 633 1591 consequentis
653 1556 696 1584 ad
717 1556 830 1585 fideles
853 1565 901 1585 os-

146 1602 282 1630 tendere
296 1610 363 1630 non
379 1603 529 1636 oportet:
550 1610 631 1629 nam
651 1601 678 1629 si
700 1601 806 1629 fidelis
827 1602 900 1636 quis

146 1648 204 1683 est,
226 1646 347 1675 falsum
366 1647 428 1675 hoc
449 1655 518 1675 esse
538 1646 707 1683 concedit;
730 1649 763 1675 et
783 1646 811 1675 si
831 1656 899 1675 non

145 1692 305 1728 coneedit,
322 1691 428 1720 fidelis
449 1701 516 1720 non
538 1694 596 1728 est,
613 1694 646 1720 et
664 1692 692 1720 si
706 1692 813 1720 fidelis
830 1701 899 1721 non

145 1740 203 1773 est,
219 1737 262 1765 ad
277 1746 353 1766 eum
366 1737 451 1766 ratio
465 1737 530 1765 ista
542 1746 610 1765 non
625 1738 803 1773 quaeritur.

93 1791 127 1817 35
185 1783 462 1819 Consequentiam
470 1783 518 1812 sic
529 1784 683 1812 ostendo:
703 1783 898 1820 Quicunque

143 1829 277 1864 aliquod
290 1829 437 1857 edictum
451 1838 491 1857 ex
504 1829 664 1857 electione
677 1829 895 1867 prosequitur,

141 1874 228 1902 illud
256 1883 322 1903 esse
352 1874 478 1902 iustum
512 1883 607 1909 opere
634 1875 830 1909 persuadet:
863 1877 898 1903 et

143 1928 245 1955 quum
274 1929 373 1955 opera
400 1919 676 1955 persuadentiora
701 1919 770 1948 sint
796 1929 898 1955 quam

142 1973 308 1994 sermones
321 1966 371 2001 (ut
386 1964 583 2000 Philosopho
595 1965 705 2000 placet
717 1964 755 1992 in
769 1964 898 1994 ultimis

87 2021 128 2047 40
142 2010 185 2038 ad
199 2010 461 2046 Nicomachum),
476 2009 582 2045 magis
596 2010 773 2045 persuadet
794 2019 895 2045 quam

142 2054 170 2083 si
187 2063 338 2087 sermone
356 2055 560 2090 approbaret.
603 2055 666 2083 Sed
681 2054 841 2091 Christus,
857 2058 897 2083 ut

141 2100 248 2129 scriba
275 2099 345 2129 eius
372 2100 478 2128 Lucas
510 2102 662 2136 testatur,
691 2099 752 2128 sub
786 2100 895 2128 edicto

142 2146 310 2174 Romanae
344 2145 556 2174 auctoritatis
589 2145 682 2174 nasei
714 2145 822 2173 voluit
853 2146 894 2174 de

145 2191 279 2227 Virgine
295 2191 410 2227 Matre,
421 2193 460 2219 ut
473 2190 509 2218 in
523 2190 584 2218 illa
591 2190 754 2226 singulari
765 2190 894 2226 generis

89 2244 126 2270 45
141 2236 282 2265 humani
310 2237 527 2272 descriptione
558 2236 663 2265 Filius
696 2235 766 2272 Dei,
794 2235 894 2264 homo

141 2282 259 2318 factus,
285 2282 386 2310 homo
409 2281 687 2316 conscriberetur;
716 2281 804 2316 quod
826 2281 893 2309 fuit

139 2327 225 2356 illud
257 2327 419 2363 prosequi.
462 2326 506 2355 Et
539 2326 624 2354 forte
658 2326 807 2354 sanctius
842 2328 892 2355 est

139 2373 303 2409 arbitrari,
340 2372 502 2400 divinitus
538 2371 623 2399 illud
657 2371 793 2400 exivisse
833 2380 892 2407 per

140 2419 324 2454 Caesarem
350 2420 389 2446 ut
415 2417 472 2454 qui
495 2419 593 2446 tanta
615 2419 765 2453 tempora
789 2417 891 2446 fuerit

84 2473 124 2499 50
139 2466 346 2500 exspectatus
363 2463 401 2492 in
421 2463 575 2492 societate
593 2462 795 2500 mortalium,
812 2472 890 2492 eum

139 2508 333 2537 mortalibus
346 2508 414 2545 ipse
429 2517 462 2537 se
477 2507 693 2543 consignaret.

519 123 590 160 DE
620 123 988 161 MONARCHIA:
1027 124 1076 161 Il.
1104 124 1198 161 CAP.
1226 136 1280 168 12,
1303 136 1358 172 ¹3·

999 236 1085 272 Ergo
1121 236 1271 266 Christus
1306 237 1449 273 Augusti
1486 238 1711 267 Romanorum

958 281 1157 310 auctoritate
1185 281 1358 318 fungentis
1385 282 1533 312 edictum
1554 282 1626 312 fore
1645 282 1711 312 ius-

959 329 1042 362 tum,
1064 335 1159 362 opere
1180 327 1350 362 persuasit.
1394 327 1438 356 Et
1459 336 1563 363 quum
1582 337 1602 357 a
1622 328 1710 358 iuste

959 371 1085 400 edicere
1105 371 1289 400 iurisdictio
1315 375 1490 409 sequatur5
1511 381 1641 402 necesse
1661 375 1712 403 est
1725 383 1760 411 55

958 418 997 443 ut
1021 416 1078 452 qui
1100 417 1227 445 iustum
1250 418 1397 446 edictum
1420 418 1591 454 persuasit,
1617 418 1712 447 iuris·

958 460 1138 490 dictionem
1158 462 1259 491 etiam
1279 463 1488 499 persuaserit,
1511 472 1594 499 quae
1617 464 1646 492 si
1669 465 1710 493 de

958 505 1029 535 iure
1043 515 1112 535 non
1126 510 1206 543 erat,
1222 507 1349 536 iniusta
1363 510 1445 538 erat.

997 551 1041 580 Et
1091 554 1287 589 notandum,
1338 553 1425 589 quod
1473 556 1710 590 argumentum

957 599 1130 634 sumptum
1143 599 1186 627 ad
1200 599 1458 628 destructionem
1469 601 1708 637 consequentis,
1725 604 1765 632 60

958 642 1037 672 licet
1064 644 1104 672 de
1128 652 1188 672 sua
1210 644 1318 673 forma
1340 654 1399 680 per
1426 645 1571 681 aliquem
1598 645 1710 674 locum

958 690 1079 725 teneat,
1103 692 1216 717 tamen
1238 689 1307 718 vim
1330 699 1425 718 suam
1446 700 1504 726 per
1527 691 1710 720 secundam

958 733 1100 769 figuram
1137 735 1291 771 ostendit,
1333 735 1362 764 si
1398 736 1580 764 reducatur
1621 736 1708 765 sieut

956 781 1192 815 argumentum
1205 789 1226 808 a
1239 780 1399 816 positione
1413 782 1640 810 antecedentis
1651 790 1710 817 per

956 824 1107 860 primam.
1160 826 1344 854 Reducitur
1372 827 1463 855 enim
1496 826 1563 855 sie:
1603 826 1708 856 Omne
1724 829 1760 864 65

956 869 1120 899 iniustum
1143 872 1360 906 persuadetur
1386 871 1532 901 iniuste:
1559 872 1709 901 Christus

956 924 1024 944 non
1039 916 1202 951 persuasit
1216 916 1339 945 iniuste
1353 927 1359 945 :
1380 926 1456 953 ergo
1466 926 1533 946 non
1544 918 1710 953 persuasit

956 960 1130 991 iniustum.
1173 962 1203 990 A
1216 962 1378 998 positione
1393 963 1623 992 antecedentis
1642 963 1710 993 sic:

957 1006 1061 1035 Omne
1101 1006 1266 1035 iniustum
1306 1008 1526 1044 persuadetur
1566 1007 1711 1038 iniuste:

956 1050 1108 1080 Christus
1134 1052 1298 1088 persuasit
1329 1053 1495 1088 quoddam
1524 1053 1762 1094 iniustumzyo

956 1105 1032 1132 ergo
1052 1097 1215 1133 persuasit
1237 1098 1371 1128 iniuste.

994 1141 1107 1172 xn1.
1127 1143 1209 1178 (XI.)
1230 1143 1274 1172 Et
1287 1143 1316 1172 si
1331 1144 1517 1172 Romanum
1531 1144 1709 1181 imperium

955 1187 994 1215 de
1004 1187 1076 1216 iure
1087 1196 1155 1216 non
1165 1187 1240 1224 fuit,
1248 1191 1422 1224 peccatum
1431 1190 1522 1218 Adae
1531 1189 1567 1218 in
1577 1190 1708 1219 Christo

954 1241 1023 1261 non
1031 1232 1098 1262 fuit
1107 1233 1266 1269 punitum
1278 1244 1285 1263 :
1305 1234 1367 1263 hoc
1378 1236 1491 1263 autem
1505 1238 1555 1263 est
1566 1235 1706 1272 falsum;

955 1287 1030 1314 ergo
1041 1278 1337 1308 contradictorium
1349 1279 1419 1308 eius
1431 1289 1471 1308 ex
1481 1289 1545 1316 quo
1555 1281 1707 1317 sequitur

954 1326 1003 1352 est
1012 1333 1135 1354 verum,
1178 1325 1320 1354 Falsitas
1328 1327 1558 1362 consequentis
1568 1330 1705 1363 apparet
1719 1338 1737 1364 5

953 1369 1009 1399 sic.
1052 1370 1163 1404 Quum
1196 1370 1287 1399 enim
1319 1381 1379 1407 per
1411 1374 1585 1408 peccatum
1613 1372 1706 1402 Adae

953 1425 1065 1444 omnes
1086 1418 1273 1452 peccatores
1293 1426 1445 1453 essemus,
1462 1417 1592 1446 dicente
1606 1418 1706 1454 Apos-

952 1462 1020 1490 tolo
1033 1473 1039 1491 :
1062 1463 1070 1478 ‘
1079 1463 1173 1491 Sicut
1186 1472 1246 1499 per
1259 1472 1366 1492 unum
1379 1463 1548 1492 hominem
1561 1463 1599 1493 in
1611 1463 1704 1493 hunc

952 1508 1116 1536 mundum
1129 1511 1304 1544 peccatum
1321 1509 1483 1538 intravit:
1503 1511 1537 1538 et
1554 1518 1614 1546 per
1630 1519 1704 1546 pec-

951 1554 1065 1581 eatum
1078 1562 1185 1589 mors3
1206 1553 1256 1582 ita
1265 1554 1302 1582 in
1316 1563 1430 1583 omnes
1442 1554 1594 1584 homines
1604 1563 1701 1592 more,
1721 1567 1756 1586 ιο

950 1598 987 1626 in
1014 1607 1078 1635 quo
1105 1607 1220 1628 omnes
1246 1601 1498 1636 peccaverunt5’
1522 1600 1550 1628 si
1577 1601 1618 1629 de
1641 1600 1702 1629 iuo

950 1646 1084 1678 peccato
1125 1653 1196 1673 non
1238 1645 1355 1674 fuisset
1394 1645 1605 1675 satisfactum
1643 1655 1703 1682 per

950 1692 1092 1718 mortem
1106 1690 1240 1726 Christi,
1256 1690 1365 1719 adhuc
1387 1700 1529 1720 essemus
1549 1691 1613 1720 filii
1631 1692 1702 1721 irae

949 1738 1081 1772 natura,
1105 1738 1229 1765 natura
1256 1735 1384 1766 scilicet
1406 1737 1596 1772 depravata.
1637 1737 1701 1766 Sed

949 1780 1011 1809 hoc
1037 1790 1106 1809 non
1133 1783 1193 1818 est,
1220 1790 1324 1817 quum
1351 1781 1443 1811 dicat
1463 1781 1638 1818 Apostolus
1658 1783 1702 1812 ad
1720 1789 1752 1817 15

950 1826 1116 1863 Ephesios,
1139 1827 1277 1863 loquens
1302 1828 1342 1855 de
1365 1827 1482 1856 Patre:
1504 1827 1586 1862 ‘Qui
1609 1837 1702 1864 prae-

949 1871 1131 1900 destinavit
1159 1881 1219 1901 nos
1251 1872 1289 1900 in
1316 1872 1529 1908 adoptionem
1555 1873 1702 1902 filiorum

948 1925 1007 1951 per
1017 1917 1129 1946 Iesum
1140 1917 1321 1954 Christum,
1333 1917 1371 1946 in
1384 1918 1504 1954 ipsum,
1517 1920 1701 1948 secundum

947 1962 1152 1997 propositum
1164 1963 1349 1991 voluntatis
1362 1971 1451 2002 suae,
1466 1963 1503 1992 in
1517 1964 1653 1993 laudem
1666 1966 1700 1993 et

946 2006 1087 2042 gloriam
1104 2008 1231 2044 gratiae
1253 2017 1340 2044 suae,
1355 2008 1393 2037 in
1414 2017 1480 2044 qua
1498 2009 1700 2045 gratificavit
1715 2020 1752 2038 ω

947 2060 1006 2080 nos
1025 2052 1062 2080 in
1083 2053 1204 2082 dilecto
1217 2053 1302 2082 Filio
1315 2062 1383 2090 su0‚
1398 2053 1435 2082 in
1457 2063 1521 2090 quo
1540 2054 1700 2083 habemus

946 2098 1186 2127 redemtionem
1198 2107 1258 2134 per
1276 2098 1476 2135 sanguinem
1492 2100 1571 2136 eius,
1587 2100 1701 2129 remis·

946 2142 1075 2173 sionem
1106 2146 1326 2180 peccatorum,
1355 2146 1539 2173 secundum
1565 2145 1700 2174 divitias

943 2188 1067 2223 gloriae
1102 2198 1180 2217 suae
1222 2198 1306 2225 quae
1343 2190 1625 2226 superabundavit
1659 2190 1698 2219 in

944 2233 1057 2263 nobis.'
1098 2234 1207 2268 Quum
1229 2234 1330 2263 etiam
1344 2235 1496 2263 Christus
1515 2235 1595 2272 ipse,
1610 2236 1647 2264 in
1663 2244 1698 2264 se
1713 2245 1747 2274 25
1776 2263 1780 2266 .

942 2279 1154 2314 punitionem
1181 2279 1322 2315 patiens,
1352 2280 1443 2308 dicat
1469 2281 1506 2309 in
1534 2281 1695 2318 Iohanne,

946 2325 1238 2353 ‘Consummatum
1259 2326 1346 2361 est’;
1369 2334 1448 2354 nam
1469 2326 1527 2355 ubi
1548 2335 1698 2356 eonsum-

942 2372 1072 2398 matum
1086 2372 1144 2406 est,
1160 2370 1249 2398 nihil
1262 2372 1367 2399 restat
1381 2372 1555 2406 agendum.

982 2417 1120 2452 Propter
1134 2417 1402 2446 convenientiam
1422 2418 1594 2446 sciendum
1607 2419 1694 2454 quod

941 2462 1072 2497 punitio
1081 2471 1150 2490 non
1159 2464 1208 2490 est
1217 2462 1411 2498 simpliciter
1419 2472 1525 2498 poena
1534 2463 1695 2492 iniuriam
1709 2471 1747 2498 30

941 2507 1128 2544 inferentis,
1157 2508 1214 2536 sed
1241 2516 1349 2544 poena
1375 2508 1507 2538 inflicta
1532 2509 1694 2538 iniuriam
